1865 2959
836 195 1046 231 —215-

304 281 370 320 {lla
388 292 457 332 per
477 284 664 333 angustas
695 278 827 320 fauces
853 280 1031 332 ingressa
1051 280 1124 320 sub
1148 280 1233 333 ipso

300 352 454 393 Limine
475 351 753 401 claustrorum,
780 351 920 403 laqueo
943 363 1014 391 sua
1033 351 1132 391 colla
1156 356 1408 404 prementem

297 423 430 464 Cernit
454 422 618 475 thim,
641 427 680 462 et
703 422 827 462 nimio
848 427 1128 474 consumptam
1151 423 1316 475 Byblida
1340 423 1466 464 luctu.

300 496 348 534 At
370 493 506 545 procul
525 493 678 545 ingenti
697 493 876 534 latitabat
899 493 1060 546 Myrrha
1080 494 1231 546 pudore

298 564 521 604 Frondibus
547 576 613 604 ora
634 568 796 616 tegens,
818 564 964 604 iterum
983 564 1171 617 spoliator
1186 566 1336 606 Averni
1525 569 1575 606 55

295 636 477 689 Orpheus
496 636 723 689 Eurydicen
745 636 892 676 frustra
911 649 1097 677 revocare
1123 637 1304 689 parabat.

295 708 492 749 Maximus
512 714 689 748 extremo
716 720 929 748 nemorum
950 721 1076 761 vagus
1096 709 1179 749 ibat
1198 709 1388 760 Achilles,

296 781 523 833 Pallidaque
541 781 688 821 immiti
714 780 894 833 signabat
914 781 1097 833 gramina
1116 794 1238 834 passu

294 852 472 893 Adversa
494 852 655 905 regione
675 853 807 902 Paris3
828 864 899 893 ceu
918 858 1013 893 nota
1031 853 1193 893 timeret

294 926 418 963 Arma
436 923 578 973 hostis,
605 936 743 976 gressu
763 924 880 964 tacito
902 924 1165 976 properabat;
1193 930 1231 965 at
1250 924 1365 965 illum
1522 927 1574 965 60

293 995 460 1034 Tristior
480 996 645 1035 OEnone
666 1007 688 1035 a
707 999 817 1047 tergo
835 995 1058 1048 lacrymosa
1076 995 1255 1036 vocabat.

293 1069 380 1118 Ipse
403 1066 478 1106 alio
497 1066 687 1106 tendebat
705 1066 781 1106 iter
804 1080 812 1106 :
842 1072 929 1107 tum
948 1067 1055 1119 regia
1071 1067 1181 1120 virgo

292 1140 340 1177 Et
360 1138 511 1178 mundo
540 1143 723 1178 matrona
753 1150 917 1188 nocens,
945 1143 1003 1179 tot
1023 1150 1141 1179 causa
1162 1138 1346 1180 dolorum

291 1212 453 1250 Turnus
474 1215 511 1250 et
529 1210 614 1262 ipse
635 1209 774 1251 dolens
794 1214 907 1263 rapta
927 1211 974 1251 de
995 1213 1164 1263 conjuge
1187 1212 1340 1264 campis

291 1281 502 1331 Errabant,
530 1281 741 1334 mediaque
767 1282 866 1322 duos
883 1282 925 1321 in
944 1282 1045 1322 valle
1071 1282 1227 1322 videres
1518 1286 1569 1323 65

290 1353 496 1406 Solivagos
516 1353 630 1394 lateri
658 1353 874 1403 haerentes,
901 1353 1132 1406 alternaque
1153 1354 1251 1394 collo

291 1424 454 1464 Brachia
475 1425 688 1465 tendentes
713 1439 721 1464 :
751 1439 767 1461 «
786 1426 888 1475 Heu,
903 1424 1134 1465 felicissima
1152 1425 1317 1474 Thisbe,

287 1497 516 1549 suspirans,
537 1497 682 1550 inquit,
703 1497 851 1549 placuit
871 1502 1052 1537 servatus
1073 1500 1230 1538 Averno

288 1568 422 1609 Dulcis
440 1580 576 1619 amor;
599 1574 759 1609 tantum
779 1569 900 1609 nullis
918 1569 1116 1609 inviderat
1136 1569 1304 1609 umbris.

288 1642 494 1693 Nusquam
514 1640 611 1680 adeo
631 1641 711 1680 cari
731 1640 917 1680 meminit
937 1641 1094 1680 deserta
1116 1641 1262 1691 mariti,
1516 1646 1567 1683 70

286 1712 558 1764 Nequicquam
576 1723 753 1764 namque
773 1712 839 1752 ille
860 1724 981 1752 senex
1002 1712 1221 1752 moriturus
1242 1718 1280 1753 et
1296 1713 1416 1754 annis

284 1784 513 1824 Lassandus
538 1784 626 1824 vitae
645 1789 842 1825 venturus
862 1785 912 1824 ad
939 1784 1080 1824 ultima
1096 1785 1213 1837 longe
1230 1790 1304 1835 est,

285 1857 542 1908 Heroumque
572 1868 708 1908 greges
729 1856 965 1908 diversaque
990 1856 1161 1896 claustra
1180 1857 1347 1897 tenebit.
1379 1873 1398 1895 »

340 1929 555 1980 Postquam
576 1927 680 1968 fama
700 1927 782 1968 fere
797 1928 968 1969 volitans
993 1929 1217 1982 praenuiitia
1234 1930 1374 1971 mortis

285 2001 327 2038 111
349 1999 490 2051 vulgus
520 1998 645 2039 effusa
669 1999 764 2049 ruit,
792 2004 888 2040 tunc
906 2012 987 2041 una
1006 2012 1077 2053 per
1100 2013 1241 2041 omnes
1511 2006 1561 2043 ’15

283 2073 315 2110 It
332 2070 474 2122 pietas,
497 2077 588 2111 totae
608 2072 795 2124 lacrymis
820 2072 1007 2113 maduere
1029 2073 1227 2113 cohortes.

283 2144 397 2182 Hunc
418 2154 502 2182 sors
519 2143 666 2195 reginae
688 2148 836 2192 movet,
860 2144 967 2183 hunc
988 2145 1135 2196 inJ'uria
1154 2145 1258 2196 regis

282 2214 354 2262 Qui
374 2213 520 2254 scelera
536 2215 793 2254 accumulans
812 2215 953 2267 majori
974 2216 1140 2255 erimine
1159 2216 1311 2256 crimen

282 2284 419 2334 Diluit,
440 2285 548 2325 hunc
567 2286 708 2338 ingens
730 2286 828 2326 duro
851 2287 1074 2327 constantia
1093 2287 1170 2327 leto

324 2419 378 2449 61.
401 2417 443 2450 Et
464 2418 642 2460 lacrymosa
664 2428 721 2460 pro
744 2420 922 2461 lacrymosa
944 2420 976 2451 in
997 2429 1058 2452 ms.
1081 2421 1117 2458 B,
1139 2421 1173 2458 C,
1194 2422 1233 2458 D,
1254 2421 1289 2452 E.

325 2477 379 2506 66.
398 2474 568 2517 Solivaqus
588 2476 621 2508 in
640 2477 691 2509 ed.
710 2477 769 2509 Bas
789 2502 798 2516 ,
813 2477 969 2518 solivaqos
989 2478 1019 2508 in
1039 2477 1188 2509 omuibus
1202 2487 1262 2510 ms.
