1865 2959
802 247 1011 282 —147—

270 331 354 370 Heu
375 329 511 380 miser,
534 335 655 381 atque
678 329 813 369 oculos
832 341 954 369 ausus
974 329 1123 369 vidisse
1142 328 1332 378 Medusae,

271 402 448 442 Vertitur
469 401 511 440 in
532 401 729 453 scopulos.
752 403 867 441 Nunc
889 406 967 440 stat
987 412 1107 452 quem
1128 400 1330 440 cernimus
1350 400 1426 452 ipsi

271 475 449 525 Magnus,
473 477 510 513 et
528 473 682 524 ingenti
707 472 889 512 tellurem
912 472 1086 524 contegit
1104 471 1262 521 umbra,

270 545 671 595 Immensoquejacet
696 543 822 595 spatio
843 548 1062 595 porrectus,
1086 547 1124 582 et
1149 547 1254 582 astra

271 615 425 654 Vertice
446 615 573 666 tangit
593 614 736 654 adhuc.
762 614 876 653 lllum
898 614 967 653 nix
991 613 1149 666 hospita
1171 625 1327 666 semper
1468 617 1546 654 410

270 687 319 725 Et
344 686 472 725 nimbi
492 691 609 739 atque
634 698 739 726 aura}
764 685 966 738 quatiunt,
989 690 1026 725 et
1046 684 1231 735 fulmina,
1254 690 1292 725 et
1316 685 1481 725 imbres.

270 758 358 797 Non
377 762 513 798 tamen
533 757 617 809 ipse
639 757 705 797 diu
726 762 816 809 post
840 768 977 797 casum
998 757 1145 797 mansit
1163 757 1317 797 inultus
1342 770 1350 796 τ

272 828 384 868 Ultor
402 828 452 868 ab
473 829 638 869 Arcadia
657 840 753 868 nam
776 828 944 868 Palladis
969 833 1051 868 arte
1071 828 1270 868 tremendi

271 900 378 940 Colla
402 901 489 940 tulit
511 900 702 950 monstri3
723 900 888 953 Libycas
908 912 1023 940 cruor
1041 900 1107 941 ille
1124 899 1298 941 nefanda

272 971 412 1011 Infecit
433 972 542 1012 sanie
561 972 643 1011 tabi
665 971 852 1011 stillantis
872 983 1028 1012 arenas.
1470 974 1548 1011 415

272 1043 335 1083 Sic
354 1043 489 1084 nocuit
510 1043 662 1083 mundo
683 1043 824 1083 vivens
849 1043 1106 1095 moriensque
1126 1043 1306 1083 Medusa.

274 1117 366 1155 Post
388 1115 525 1167 regina
545 1117 650 1167 Tyro
673 1114 830 1167 fugiens
851 1115 915 1154 his
933 1115 1081 1155 finibus
1100 1115 1230 1167 ampla

272 1187 418 1227 Moenia
438 1186 676 1236 construxit,
699 1198 886 1238 magnam
907 1186 1157 1238 Carthaginis
1178 1186 1334 1226 urbem.

273 1260 333 1297 Ex
353 1270 395 1298 re
415 1270 564 1298 nomen
585 1258 617 1298 ei
637 1263 711 1298 est.
733 1259 822 1297 Mox
842 1263 1052 1310 aspernata
1068 1258 1283 1310 propinqui

275 1330 512 1382 Conjugium
533 1330 651 1381 regis,
675 1341 765 1370 cum
786 1329 942 1382 publica
963 1335 1055 1370 vota
1077 1342 1242 1370 suorum
1472 1331 1550 1370 4020

276 1402 484 1453 Urgerent⁷
506 1401 652 1441 veteris
674 1413 755 1441 non
774 1401 988 1441 immemor
1012 1401 1079 1441 ilia
1100 1402 1233 1442 mariti

274 1474 398 1513 Morte
422 1472 652 1524 pudicitiam
672 1473 856 1512 redemit.
881 1474 943 1513 Sic
966 1473 1075 1512 urbis
1096 1473 1203 1525 origo

275 1544 450 1595 Oppetiit
468 1544 603 1596 regina
623 1543 733 1584 ferox
752 1558 761 1593 ;
791 1545 938 1596 inJuria
959 1550 1109 1597 quanta

276 1615 376 1654 Huic
394 1615 474 1665 fiat,
496 1615 527 1655 si
549 1615 648 1655 forte
670 1615 814 1667 aliquis
837 1616 961 1668 (quod
987 1616 1148 1656 credere
1168 1627 1251 1655 non
1276 1617 1349 1666 est)

278 1686 438 1738 Ingenio
460 1686 634 1726 confisus
656 1687 744 1737 erit,
768 1687 834 1739 qui
857 1688 1030 1727 carmine
1053 1699 1209 1727 sacrum
1475 1690 1553 1727 4025

276 1759 431 1797 Nomen
451 1758 500 1797 ad
526 1758 684 1798 illicitos
702 1759 846 1799 ludens
865 1760 1046 1799 traducat
1067 1771 1237 1799 amores.

278 1830 347 1869 His
368 1830 487 1881 igitur
506 1829 673 1870 fundata
696 1831 824 1871 modis
842 1831 936 1871 urbs
957 1837 1135 1884 tempore
1156 1831 1278 1871 crevit

279 1901 444 1953 Exiguo,
467 1907 506 1941 at
526 1902 645 1942 rebus
667 1914 824 1955 semper
845 1905 1057 1955 conjuncta
1079 1903 1264 1943 secundis

280 1973 433 2013 Invidia
455 1973 599 2014 excivit
616 1974 766 2014 validas
786 1975 829 2014 in
848 1975 981 2027 praeiia
1001 1980 1155 2027 gentes.

279 2046 391 2085 Tunc
413 2057 521 2086 acres
540 2046 675 2086 vixere
693 2047 783 2097 viri,
807 2059 906 2100 quos
925 2047 1032 2087 inter
1049 2059 1184 2087 amore
1476 2048 1555 2086 430

326 2179 400 2208 406.
430 2177 563 2211 Vidisset
582 2178 617 2209 in
637 2180 689 2209 ed.
710 2179 799 2217 Bas„
820 2179 937 2211 vidisse
956 2179 988 2211 in
1007 2180 1162 2211 omnibus
1182 2189 1244 2211 ms.

325 2235 400 2265 416.
427 2233 488 2267 Vix
507 2234 538 2265 in
559 2235 611 2266 ed.
632 2235 722 2272 Bas,
744 2236 803 2266 nia:
820 2236 852 2267 in
874 2245 935 2267 ms.
959 2237 996 2275 A,
1019 2238 1054 2275 Β,
1075 2237 1108 2275 C,
1130 2238 1169 2268 D.

325 2292 403 2323 413.
422 2290 501 2323 Arce
518 2301 576 2332 pro
596 2296 666 2324 arte
686 2293 716 2323 in
739 2302 799 2324 ms.
824 2293 860 2331 B,
879 2294 916 2331 G,
936 2295 971 2324 D.

327 2349 402 2378 422.
425 2347 529 2379 Marte
549 2347 582 2378 in
596 2349 648 2379 ed.
668 2349 756 2386 Bas.¹
780 2352 884 2381 morte
902 2349 934 2380 in
954 2350 1104 2381 omnibus
1125 2360 1185 2382 ms.

329 2405 404 2434 424.
428 2403 508 2436 Hinc
528 2404 561 2435 in
583 2405 635 2436 ed.
657 2405 745 2443 Bas„
768 2405 845 2437 huic
864 2406 897 2437 in
919 2415 980 2437 ms.
1002 2407 1039 2445 A,
1061 2407 1096 2445 B,
1118 2408 1150 2444 C,
1173 2408 1212 2445 D,
1232 2407 1267 2438 E.

328 2461 403 2491 427.
427 2460 512 2502 Eryo
532 2470 588 2501 pro
607 2462 707 2502 ἱρέων
723 2462 757 2493 in
775 2472 837 2495 ms.
857 2463 894 2501 Β,
917 2464 950 2501 C,
971 2465 1010 2494 D.

330 2518 405 2548 428.
429 2515 523 2549 Acin
541 2519 593 2549 ed.
612 2518 702 2557 Bas„
722 2522 755 2551 at
773 2518 808 2550 in
828 2519 979 2551 omnibus
996 2528 1056 2551 ms.
