1865 2959
779 241 991 277 -107—

245 331 373 368 Pauca
389 326 487 366 mihi
510 324 646 373 dubio,
669 328 905 376 certumque
929 323 1090 364 remitte
1110 322 1248 364 futuri.
1498 322 1521 358 5

239 422 292 428 —-
310 401 340 439 O
360 402 467 447 nate,
494 396 625 448 exigui
647 395 785 435 solatia
811 396 1019 448 temporis,
1046 395 1150 444 infit,

243 470 391 522 Exigis,
409 468 604 520 ambiguae
631 466 762 507 subito
785 466 857 506 tibi
875 466 1032 506 somnia
1050 466 1194 515 noctis,

244 541 465 592 Omniaque
486 538 686 590 implicitae
711 542 926 578 vanescent
947 538 1031 577 visa
1051 537 1209 589 quietis.

244 613 283 652 Si
305 623 382 664 qua
401 610 534 650 animo
555 609 724 649 memori
743 609 909 661 vestigia
926 608 1025 648 forte
1047 608 1284 657 manebunt,

243 682 405 723 Somnia
423 693 524 721 vana
546 685 698 730 tamen,
720 686 977 733 mentemque
996 692 1147 720 errasse
1167 679 1341 732 putabis,
1467 683 1514 719 10

241 755 316 795 Sed
339 765 492 806 nequeo
516 753 711 805 sprevisse
730 765 868 805 preces
890 767 898 792 ε
923 753 999 802 dic,
1022 757 1129 802 nate,
1151 752 1258 803 quod
1274 752 1382 803 augit

238 828 292 865 Te
307 825 460 877 magis?
485 826 533 864 Et
553 824 742 864 brevibus
767 824 882 864 celeri
903 830 940 864 te
962 823 1152 864 subtrahe
1176 823 1343 863 Plioebo.

237 918 287 924 -—
308 898 338 936 Ο
358 896 528 948 genitor,
550 896 581 935 si
604 900 697 935 nota
713 895 785 935 tibi
809 895 944 935 divina
965 895 1166 945 voluntas,

237 969 356 1021 Siqne
374 968 445 1007 tibi
463 972 555 1007 ante
573 967 707 1007 oculos
726 972 943 1008 venturum
966 972 1025 1007 est
1047 979 1208 1007 cernere
1228 971 1406 1019 tempus,

236 1040 343 1080 Scire
363 1039 482 1079 velim
503 1038 598 1091 quid
621 1038 700 1078 fata
732 1043 884 1091 parent,
905 1050 1000 1078 nam
1020 1038 1123 1077 bella
1145 1038 1331 1078 videmus
1466 1041 1515 1078 15

240 1114 388 1163 Aspera
405 1111 570 1150 terribili
592 1111 748 1150 Latium
770 1110 1000 1162 quassantia
1021 1115 1147 1149 motu.

236 1182 434 1222 Hannibal
458 1182 500 1221 iu
520 1182 672 1222 foribus
691 1187 767 1221 stat
792 1181 983 1234 pertidus,
1006 1182 1140 1221 onmia
1158 1186 1262 1221 retro

236 1256 359 1294 Versa
377 1254 544 1303 cadunt3
568 1259 704 1293 nostro
726 1254 992 1306 pinguescunt
1017 1265 1110 1293 arva
1133 1265 1286 1293 cruore.

236 1329 310 1366 Tot
329 1326 423 1366 clari
443 1326 616 1366 cecidere
637 1326 780 1365 duces!
805 1327 884 1365 Vos
904 1325 1057 1365 lumina
1076 1326 1177 1365 tanti

235 1398 394 1450 Imperii
414 1403 495 1438 tam
513 1410 670 1450 magna,
698 1398 776 1437 duo
802 1398 999 1437 cecidistis
1019 1397 1161 1437 eodem
1461 1399 1512 1436 20

232 1472 451 1521 Tempore3
474 1475 649 1521 tuncque
667 1469 773 1509 Italis
793 1474 931 1521 raptus
951 1469 1181 1520 regionibus
1200 1474 1260 1508 est.
1281 1468 1353 1518 sol,

231 1543 451 1593 Magnaque
472 1541 546 1581 sub
566 1541 726 1593 gemina
750 1541 909 1581 nutavit
928 1543 1054 1582 Roma
1073 1541 1204 1581 ruina.

231 1613 548 1665 Quidsuperest‘?
567 1613 780 1652 Dominam
801 1613 890 1665 quis
911 1625 1019 1653 nunc
1039 1617 1175 1652 manet
1191 1612 1321 1652 exitus
1336 1612 1511 1652 Urbem?

230 1687 394 1724 Corruet
414 1696 464 1724 an
483 1684 635 1725 stabit?
658 1685 771 1732 Quod
794 1684 825 1723 si
843 1684 992 1724 frustra
1008 1696 1118 1723 arma
1139 1695 1364 1733 movemus,

231 1756 370 1796 Exime
390 1760 447 1795 tot
465 1768 579 1795 curas
600 1756 735 1795 auimo
756 1760 967 1808 tantosque
988 1755 1159 1804 labores,
1460 1757 1511 1794 ⁶25

232 1828 429 1867 Somnum
450 1827 572 1867 redde
593 1827 731 1876 oculis,
755 1832 792 1867 et
806 1827 999 1867 membris
1019 1827 1141 1867 redde
1166 1826 1357 1879 quietem.

231 1900 332 1938 Nam
350 1898 449 1937 mihi
470 1898 503 1938 si
521 1904 685 1950 cogente
707 1901 788 1938 Deo
812 1899 1028 1951 patriaeque
1046 1899 1272 1938 cadendum
1292 1903 1366 1944 est,

231 1970 334 2020 Quid
350 1972 464 2022 Juvat
482 1971 607 2010 obniti
627 1976 778 2020 contra,
800 1970 961 2023 satoque
983 1970 1181 2023 prementi

230 2044 436 2082 Humanas
453 2041 592 2082 afferre
613 2044 785 2082 manus?
806 2042 1024 2083 Moriamur
1044 2043 1240 2091 inermes;

229 2113 359 2163 Vivat,
384 2118 423 2153 et
444 2113 488 2153 in
506 2119 587 2154 toto
611 2119 749 2166 regnet
771 2114 879 2154 ferus
901 2114 1099 2154 Hannibal
1120 2113 1230 2154 orbe.
1263 2131 1277 2150 ι
1461 2114 1512 2152 30

273 2230 304 2260 6.
324 2228 404 2260 Insit
418 2229 451 2260 in
471 2230 526 2260 ed.
544 2230 634 2267 Bas.,
652 2229 723 2270 infit
743 2229 777 2260 in
795 2239 856 2261 ms.
878 2231 916 2268 A,
939 2230 976 2267 B,
996 2229 1030 2261 C.

271 2287 327 2316 11.
352 2284 437 2325 Quid
458 2285 489 2316 in
510 2287 562 2317 ed.
586 2287 673 2323 Bas„
696 2286 780 2327 quod
798 2286 829 2317 in
850 2295 913 2317 ms.
930 2287 968 2324 A,
991 2286 1027 2322 B.
1050 2287 1089 2317 D.

273 2343 326 2372 21.
353 2342 440 2373 Tunc
461 2342 493 2373 in
513 2344 566 2374 ed.
586 2344 674 2381 Bas„
694 2347 832 2383 tuncque
856 2344 888 2374 in
908 2344 1061 2375 omnihus
1083 2352 1143 2374 ms.

273 2400 327 2430 22·
348 2398 485 2431 Mutavit
504 2398 535 2429 in
550 2400 601 2430 ed.
624 2399 714 2436 Bas..
735 2400 863 2431 metavit
881 2399 912 2430 in
933 2400 1086 2431 omnibus
1106 2409 1167 2431 ms.

273 2456 326 2486 29.
350 2455 385 2486 In
406 2455 506 2487 armis
527 2465 583 2495 pro
605 2455 745 2487 inermes
765 2465 848 2487 corr.
868 2456 900 2487 in
924 2465 986 2487 ms.
1009 2457 1046 2487 A.

274 2513 328 2543 30.
350 2511 475 2555 Regnat
495 2511 528 2543 in
551 2512 606 2547 ed.
625 2512 684 2544 Bas
703 2538 711 2553 ,
733 2516 844 2555 reynel
866 2512 899 2549 in
921 2513 1073 2545 omnibus
1093 2522 1155 2547 ms,
