1865 2959
861 206 1043 239 ..0ss—

312 289 524 332 Insolitum
545 289 637 330 licet
653 300 722 329 ora
740 289 904 337 micent,
928 294 1065 328 tamen
1083 287 1169 339 ipse
1185 286 1385 327 recordor.

313 362 404 402 Vidi
425 361 575 402 etenim
590 366 631 401 et
650 360 778 413 patria
792 371 921 413 nuper
939 358 1193 400 conviximus
1210 358 1325 399 urbe.

313 435 470 474 —Vera
483 433 648 487 quidem
662 445 878 474 memoras.
894 434 1018 473 Fraus
1032 431 1142 472 hunc
1155 431 1276 472 modo
1291 431 1412 472 rebus
1425 432 1576 474 ademit
1590 436 1667 475 360

314 506 465 546 Punica
477 505 648 546 terrenis
668 519 677 555 ;
695 505 813 558 periit
828 515 1066 557 congressus
1086 503 1225 555 iniquo

315 577 509 619 Credulus
529 582 644 618 {etate
661 577 767 618 heul
795 576 969 617 nimium
990 575 1197 616 Marcellus
1218 576 1260 616 in
1274 576 1355 617 illa.

316 651 395 690 Iste
414 661 569 690 memor
588 649 681 690 finis
702 649 814 690 lateri
838 649 944 689 latus
965 648 1152 688 admovet
1172 648 1277 689 ultro

317 721 587 762 Nobiscumve
603 721 734 762 libens
750 721 847 761 00310
869 720 1064 773 spatiatur
1083 719 1126 759 in
1146 720 1295 773 amplo.

317 793 524 846 Crispinus
537 793 655 846 longe
680 793 875 846 sequitur,
898 803 1020 845 quem
1034 791 1212 844 perfidus
1232 804 1312 832 uno
1523 796 1599 833 365

317 865 605 918 Absumpsisse
626 865 689 906 die
708 869 933 906 tentaverat
946 864 1099 913 hostis;
1129 869 1169 905 at
1185 864 1299 905 illum

317 937 522 989 Languida
542 937 674 978 dilatae
686 937 916 977 tribuerunt
930 935 1097 977 vulnera
1115 936 1251 976 morti.

317 1009 428 1049 Alter
446 1009 500 1049 ibi
519 1009 661 1050 cecidit
679 1009 857 1050 moriens
876 1008 945 1049 ubi
966 1008 1071 1048 furta
1090 1007 1283 1057 latebant,

316 1082 413 1122 Inde
433 1081 533 1122 levis
556 1086 662 1122 recte
680 1085 898 1134 penetrans
918 1080 998 1121 huc
1018 1080 1183 1133 spiritus
1212 1095 1220 1120 ε
1251 1080 1331 1121 illic

316 1154 476 1206 Frigida
494 1153 670 1194 carnifici
691 1154 844 1194 dimisit
862 1153 1046 1194 membra
1067 1158 1249 1193 cruento.
1523 1155 1600 1193 370

317 1228 377 1266 En
398 1226 567 1266 Fabium
588 1226 685 1266 coelo
705 1228 895 1278 maJestas
915 1225 1093 1265 maxima
1114 1225 1214 1265 tanti

318 1298 500 1338 Nominis
515 1310 558 1338 ac
575 1310 712 1339 reruni
728 1297 845 1350 jubet
865 1297 956 1348 (illo)
975 1297 1157 1337 habitare
1178 1309 1334 1338 sereno.

317 1373 443 1412 Cerne
463 1371 606 1411 ducem
625 1375 838 1424 quantum,
861 1369 952 1410 licet
972 1369 1037 1410 hic
1063 1375 1270 1410 cunctator
1291 1370 1339 1410 ab
1363 1370 1472 1410 0111111

318 1443 456 1484 Dictus
476 1448 559 1484 erat
579 1442 750 1496 populo!
769 1444 922 1483 Tamen
938 1442 1081 1494 ingens
1097 1442 1221 1494 gloria
1240 1442 1363 1482 tardis

320 1515 462 1556 Debita
486 1515 664 1556 consiliis
684 1515 805 1568 viget.
827 1517 943 1555 Hunc
962 1527 1045 1555 uon
1064 1514 1223 1555 flamma
1243 1527 1316 1555 nec
1335 1515 1442 1555 ensis
1525 1515 1601 1552 5375,

319 1587 474 1640 Eripuit
497 1587 622 1637 Latio,
655 1587 725 1627 sed
747 1587 846 1627 dum
865 1586 994 1639 magis
1013 1598 1124 1626 arma
1137 1586 1375 1639 premebant

318 1660 482 1709 Punica,
503 1659 774 1711 tranquillum
795 1659 885 1699 tulit
904 1658 984 1699 huc
1004 1670 1158 1698 annosa
1177 1664 1377 1698 senectus.

318 1733 395 1773 Sed
417 1732 544 1784 magis
561 1732 852 1784 ardentemque
869 1731 1015 1771 animis
1036 1743 1272 1784 pugnasque
1294 1730 1533 1772 frementem

317 1806 442 1844 Cerne
466 1816 536 1856 per
556 1803 724 1843 insidias
750 1804 916 1856 indigno
937 1802 1077 1844 funere
1102 1803 1326 1843 Gracchum

319 1877 490 1928 Corpore
509 1875 710 1915 seclusum
729 1875 877 1922 valido,
900 1879 939 1916 et
954 1875 1199 1928 pollentibus
1213 1875 1334 1915 armis
1524 1877 1601 1913 380

319 1949 511 1988 Prteterea
532 1947 694 1987 AEmilio
713 1947 885 1987 nimium
899 1946 981 1987 fors
997 1947 1134 1986 invida
1149 1946 1286 1986 Paulo.

319 2020 462 2072 Aspice
481 2019 787 2072 magnanimum
811 2019 1015 2059 terebrant.
1037 2024 1134 2071 quot
1151 2018 1317 2059 vulnera
1336 2023 1474 2071 pectus
1491 2019 1499 2056 l

366 2208 443 2238 358.
462 2206 585 2239 Micam
606 2207 640 2238 in
660 2208 713 2239 ed.
736 2207 825 2244 Bas„
848 2208 968 2238 micent
986 2206 1019 2237 in
1037 2206 1190 2238 omnibus
1212 2215 1270 2237 ms.

365 2264 527 2295 371-377.
550 2263 589 2294 Hi
606 2267 733 2304 septem
749 2273 877 2302 versus,
892 2263 948 2303 qui
962 2264 1051 2294 hunc
1070 2264 1177 2294 locum
1199 2263 1230 2294 111
1248 2263 1402 2295 omnibus
1422 2273 1484 2295 ms.
1505 2272 1600 2295 occu-

320 2324 411 2361 pant,
438 2320 562 2352 aliasin
584 2321 637 2352 ed.
660 2321 749 2357 Bas.,
769 2323 891 2351 mutato
912 2320 1027 2351 leviter
1048 2330 1159 2358 sensu,
1184 2312 1352 2361 leguntur.
1375 2321 1452 2352 Vide
1470 2330 1500 2351 v.
1523 2323 1598 2351 500.

320 2378 354 2409 In
374 2387 467 2410 versu
483 2380 546 2409 375
567 2387 624 2410 nec
644 2379 728 2410 ensis
746 2388 803 2419 pro
824 2386 889 2409 non
909 2378 1005 2415 ensis¹
1026 2378 1111 2417 quod
1135 2377 1281 2417 undique
1302 2377 1432 2419 tegitur.

365 2437 441 2467 381.
462 2434 538 2468 Sors
558 2435 590 2466 in
605 2436 658 2467 ed.
681 2436 769 2474 Bas.‚
787 2434 901 2475 sorsin
924 2444 984 2466 ms.
1006 2435 1044 2472 Α,
1063 2435 1098 2472 Β,
1124 2435 1161 2471 Ι),
1180 2436 1216 2473 E,
1236 2436 1257 2465 F
1280 2438 1310 2466 et
1325 2435 1355 2466 in
1377 2436 1429 2466 ed.
1448 2436 1559 2466 Venet.

367 2493 442 2523 382.
469 2491 642 2524 Terrebant
663 2492 695 2523 in
713 2493 765 2523 ed.
789 2492 877 2530 Bas..
896 2491 1060 2523 terebrant
1080 2491 1113 2522 in
1134 2500 1192 2522 ms.
1215 2493 1253 2530 A,
1273 2492 1308 2530 1³»,
1330 2492 1364 2531 (3,
1389 2493 1425 2530 1),
1448 2491 1481 2521 E.
