1865 2959
873 240 1083 276 -288-

329 327 494 381 Arripit,
518 326 725 368 obstantes
744 326 874 376 caedit,
896 325 1148 379 fugientibus
1166 325 1304 366 instat.

332 400 462 452 Scipio
487 398 978 457 magnanimussviolenti
996 409 1107 438 more
1125 397 1254 438 leonis

332 472 406 521 Qui
427 471 567 512 catulis
587 470 750 512 festinet
776 482 894 523 opem
920 470 1122 522 silvasque
1147 468 1332 522 ferasque

332 543 499 594 Ohruat„
520 543 561 583 in
582 543 736 584 medios
759 543 894 583 stricto
914 546 1192 595 penetraverat
1213 553 1324 582 ense.

334 615 452 656 Illum
474 620 557 656 tota
575 615 694 665 acies,
717 614 833 654 illum
852 613 1023 654 miratur
1040 613 1088 653 ab
1108 613 1186 653 alto

332 689 531 741 Juppiter,
553 693 592 729 et
611 693 749 728 nostro
772 687 847 727 sibi
868 698 951 727 non
975 686 1076 727 foret
1096 684 1266 726 {emulus
1286 684 1394 725 orbe.

333 761 400 801 sol
420 761 529 801 stetit
546 760 785 812 ambiguus3
811 759 930 799 rutilo
964 758 1020 798 sio
1040 762 1150 798 totus
1169 757 1212 797 in
1234 769 1329 797 auro

335 832 541 885 Fulgebat,
568 833 624 872 sic
651 843 854 885 purpureo
874 829 1056 871 radiabat
1084 829 1248 879 amictu,

331 905 394 946 Sic
411 905 549 957 rigidis
567 904 722 945 nitidus
737 903 901 957 Juvenis
921 901 1157 955 splendebat
1177 901 1220 941 in
1243 901 1379 941 armis.

333 979 548 1030 Postquam
569 981 629 1017 est
658 977 706 1016 ad
730 987 846 1016 veros
866 979 1108 1027 perventum
1142 973 1325 1013 cominus
1355 973 1514 1017 hostes,

332 1049 502 1089 Romani
523 1048 716 1101 Poenique
736 1059 883 1088 manus
899 1047 1067 1087 miscere
1091 1050 1276 1086 cruentas

332 1123 562 1174 Coeperunt.
583 1123 729 1172 Ingens
750 1124 788 1160 ot
804 1118 1062 1160 inexorabilis
1084 1123 1197 1170 urget

333 1196 393 1234 Ira
412 1193 532 1234 duces
551 1192 802 1245 populosque
829 1192 945 1242 duos,
967 1202 1041 1231 neo
1061 1190 1226 1231 Martius
1247 1202 1416 1242 usquam

335 1266 512 1317 Impetus
532 1265 723 1318 asperior,
745 1275 820 1305 neo
839 1263 1017 1304 acerbior
1036 1262 1115 1302 ulla
1135 1274 1206 1314 per
1233 1262 1373 1303 orbem

334 1339 472 1390 Pugna
491 1337 588 1387 fuit3
614 1349 686 1378 neo
719 1337 828 1377 enim
856 1336 981 1388 pretio
1004 1335 1201 1376 conducta
1224 1334 1385 1387 gerebat

333 1409 441 1449 Bella
457 1409 620 1459 cohors;
641 1409 807 1449 aderant
831 1408 991 1460 proprio
1012 1407 1079 1460 qui
1101 1407 1295 1459 sanguine
1315 1406 1460 1446 vellent

331 1483 437 1530 Quas
453 1481 530 1534 ipsi
550 1482 759 1522 ediderant
778 1481 964 1522 odiorum
988 1479 1242 1532 exstinguere
1262 1479 1458 1519 ssannnas.

332 1554 445 1593 Unus
466 1565 578 1594 amor
596 1553 832 1606 cunctisque
849 1553 947 1593 adeo
972 1551 1200 1605 legionibus
1228 1563 1306 1592 una

332 1626 445 1666 Mens
465 1630 548 1666 erat
569 1626 705 1666 ulcisci
721 1627 855 1678 Justos
881 1624 943 1665 vel
964 1629 1093 1664 morte
1115 1623 1287 1664 dolores.

333 1697 482 1738 Punica
502 1697 668 1750 perfidia
688 1702 727 1738 et
746 1699 928 1738 Romana
948 1695 1134 1748 superbia
1154 1695 1304 1747 passini

332 1769 508 1810 Vocibus
534 1769 698 1810 alternis
719 1769 867 1810 vulnus
884 1770 1090 1821 petantur
1114 1767 1163 1807 ad
1181 1779 1316 1817 omne,

332 1841 470 1894 Jurgia
487 1846 526 1882 et
545 1841 717 1882 infames
737 1846 918 1894 questus,
941 1845 981 1881 et
1010 1845 1190 1892 tempore
1216 1839 1356 1879 eodeni

334 1913 407 1954 Hic
432 1925 571 1965 sonus,
592 1913 826 1966 hiejugulis
848 1917 1004 1954 extorta
1027 1911 1187 1952 silentia
1211 1911 1338 1951 caesis.

336 1987 483 2027 Annua
501 1997 611 2027 nuno
630 1986 764 2027 Poenis
783 1990 823 2026 et
843 1997 961 2026 avara
983 1984 1134 2024 tributa
1155 1983 1330 2023 subactis

333 2058 448 2098 Nunc
467 2057 576 2099 fraus
596 2063 635 2099 et
654 2063 768 2111 capto
792 2062 943 2110 strages
959 2056 1125 2109 indigna
1146 2057 1339 2108 Sagunto,

333 2131 382 2171 Et
405 2131 604 2184 quidquid
622 2131 753 2172 rabies
774 2130 864 2171 odio
884 2130 1089 2170 flammata
1111 2133 1269 2168 vetusto

333 2203 509 2243 Armatis
533 2203 681 2244 dictare
703 2202 802 2243 solet
826 2202 903 2242 coit
927 2201 1060 2242 omnis
1084 2200 1125 2240 iu
1145 2211 1273 2240 unum

332 2274 503 2316 offensae
522 2276 709 2316 cumulus
731 2275 917 2328 longique
937 2273 1088 2327 injuria
1110 2272 1218 2313 belli.

333 2349 495 2388 Pectora
514 2347 742 2400 pectoribus
762 2347 1006 2395 tunduntur,
1028 2349 1067 2386 et
1085 2344 1251 2385 ensibus
1271 2354 1404 2386 enses.

381 2474 456 2507 378.
479 2475 605 2508 Desunt
623 2475 657 2506 in
678 2483 740 2507 ms.
759 2475 782 2506 E
801 2483 839 2506 ea
860 2473 959 2505 verba
980 2482 987 2504 :
1005 2471 1191 2504 tunduntur
1208 2474 1238 2503 et
1255 2469 1384 2503 ensibus
1397 2476 1500 2507 ensa-J,

543 2532 682 2567 Vulnera
704 2531 903 2565 vulneribus

1544 329 1623 368 950

1546 687 1623 725 0:35

1546 1047 1626 1086 5³60

1545 1408 1623 1445 91³5

1546 1768 1625 1806 970
