1865 2959
826 211 964 246 -0255
999 230 1036 236 —

345 294 455 334 Talia
475 293 570 333 dum
590 293 741 345 peragit
760 293 894 333 Latius
915 293 1011 341 dux,
1032 291 1202 332 forsitan
1228 292 1293 331 illo

292 365 521 405 Massinissa
539 364 601 404 die
620 364 881 416 peditumque
900 364 1160 415 equitumque
1186 368 1351 403 catervae
1489 367 1564 404 125

292 439 475 488 Ingentes
493 435 608 475 alacri
629 436 796 475 veniunt
822 437 861 474 in
884 440 1011 475 castra
1029 433 1197 485 fragore.

291 507 486 548 Omnibus
507 519 554 546 ex
581 507 674 547 visis
694 507 751 546 nil
771 512 853 546 tam
873 506 1087 558 perterruit
1107 518 1268 557 asprum

294 578 574 627 Hannibalem,
601 590 722 630 quam
741 578 845 618 clara
862 578 990 617 hostis
1009 577 1149 617 fiducia
1170 589 1336 628 magnas

291 652 388 702 Spes
406 649 539 689 animo
564 649 760 689 voh-entis
780 650 904 697 enim,
926 661 998 688 nec
1018 648 1122 688 bella
1146 648 1329 700 paventis

289 723 492 770 Attamen,
517 726 714 761 extremas
734 722 924 773 quoniam
943 722 1026 772 J'am
1048 720 1125 760 fata
1148 720 1283 759 ruinas
1488 722 1565 759 130

290 791 505 844 Urgebant,
527 792 741 844 aderatque
761 793 845 832 dies
865 793 932 844 qui
953 791 1092 832 nubila
1114 791 1232 830 sortis

291 863 455 903 Pelleret
474 863 683 915 ambiguae.
707 865 852 903 Statuit
873 869 1026 903 tentare
1046 862 1248 914 loquendo

287 937 391 975 Ante
412 935 522 974 ducis
542 940 720 974 mentem
740 935 908 984 adversi,
932 935 962 973 si
982 934 1139 974 flectere
1158 933 1285 985 possit

288 1006 474 1055 Consilio,
502 1006 687 1057 pacisque
708 1018 832 1045 novos
856 1004 1070 1045 infundere
1092 1016 1269 1053 amores3

288 1078 380 1118 Sive
397 1078 461 1117 ille
481 1078 634 1130 egregia
657 1090 816 1118 morum
837 1077 1047 1117 dulcedine
1065 1081 1209 1125 tactus,
1488 1077 1563 1115 135

288 1151 364 1190 Seu
385 1154 552 1190 ventura
572 1161 737 1201 pavenS‚
765 1162 834 1189 seu
851 1151 936 1202 jam
956 1149 1135 1200 longaeva
1154 1148 1337 1188 laborum

288 1222 419 1261 Taedia
437 1226 643 1273 pertaeS11S‚
663 1233 731 1261 seu
748 1220 931 1261 fraudem
950 1220 1152 1260 involvere
1174 1219 1307 1260 verbis

287 1293 533 1344 Insidiasque
554 1304 713 1344 parans,
743 1292 958 1344 solitasque
976 1303 1178 1331 recurrere
1199 1291 1248 1330 ad
1272 1295 1391 1330 artes.

285 1364 463 1405 Nuncius
492 1364 575 1404 haec
596 1370 756 1416 propter
776 1365 1005 1416 praemissus
1034 1363 1160 1415 pergit
1182 1363 1229 1402 ad
1253 1362 1428 1411 hostem,

286 1435 615 1488 colloquiumque
634 1436 751 1487 petit;
773 1436 873 1475 nihil
891 1440 1113 1484 aversatus,
1140 1439 1178 1474 et
1200 1433 1317 1473 ambo
1483 1435 1563 1473 140

286 1509 422 1547 Castra
448 1513 612 1548 movent
636 1520 684 1547 ex
708 1507 943 1560 composito,
967 1506 1222 1558 multumque
1247 1505 1482 1558 propinquis

284 1579 507 1619 Consedere
525 1579 634 1618 locis.
659 1579 800 1618 Facilis
824 1590 1059 1630 congressus
1081 1577 1150 1617 ubi
1178 1577 1268 1616 illos

285 1653 477 1703 Jungeret
499 1652 652 1704 exiguis
674 1652 769 1691 urbs
788 1654 961 1703 Nargara
977 1651 1180 1691 moenibus
1201 1650 1293 1689 inde
1317 1655 1375 1689 est

287 1723 401 1762 Haud
426 1723 565 1774 procul
584 1737 592 1772 3
616 1723 725 1762 hunc
746 1723 876 1775 Scipio
896 1723 1040 1774 raptim
1061 1721 1288 1761 munimine
1316 1720 1454 1760 collem

287 1796 485 1846 Occupat3
511 1794 595 1834 brec
615 1794 728 1834 sedes
745 1795 843 1833 tutis
866 1794 1073 1846 aptissima
1098 1792 1252 1832 castris..
1486 1794 1565 1831 145

286 1865 419 1906 Dulcis
442 1877 552 1917 aquae
570 1864 699 1905 fontes
716 1865 810 1914 illic,
834 1870 872 1905 et
897 1864 1041 1916 pabula
1063 1864 1214 1916 passim

287 1938 518 1988 Opportuna
533 1937 627 1976 viris
648 1942 686 1976 et
706 1937 831 1988 equis,
859 1936 935 1975 Vix
955 1936 1132 1975 millibus
1152 1935 1250 1975 alter

288 2008 481 2056 Quattuor
504 2008 680 2048 adversis
703 2008 842 2047 ductor
861 2008 1051 2047 distantia
1072 2007 1212 2047 castris

286 2079 422 2119 Ardua
441 2079 676 2125 communit,
707 2079 896 2119 scatebris
918 2079 984 2119 ubi
1008 2078 1118 2118 nulla
1137 2077 1321 2129 benignis

288 2150 470 2202 Lympha
492 2155 610 2203 caput
627 2150 744 2201 tollit,
766 2162 1006 2203 camposque
1026 2150 1169 2190 irrorat
1187 2149 1362 2197 inertes3
1486 2151 1562 2188 150

336 2366 409 2397 1-26.
432 2364 552 2397 Favore
575 2365 604 2396 iu
620 2367 671 2397 ed.
697 2366 787 2405 Bas„
807 2365 937 2407 sraqore
957 2366 989 2397 in
1011 2366 1162 2397 omuibus
1178 2375 1240 2397 ms.

334 2424 409 2454 132.
429 2422 569 2455 Polleret
589 2423 624 2454 in
644 2423 696 2454 ed.
722 2423 810 2461 Bas„
825 2423 959 2464 pelleret
978 2423 1009 2454 in
1024 2422 1176 2454 omnibus
1192 2432 1254 2454 ms,

336 2482 410 2511 140.
429 2479 631 2520 Colloqm'um
646 2480 678 2511 in
693 2480 745 2510 ed.
764 2480 851 2517 Bas„
871 2479 1128 2520 colloquiumque
1145 2479 1176 2511 in
1193 2479 1344 2511 omnibus
1363 2488 1423 2509 ms.
