1865 2959
808 213 1016 248 —127-

279 299 352 348 Qui
374 299 466 339 terit
485 303 641 339 aetatem
662 297 809 337 frustra
828 307 1053 348 corpusque
1072 294 1226 347 fatigat,

277 374 357 411 Aut
375 371 552 410 animum
577 368 682 409 curis
702 373 855 416 onerat,
874 366 978 406 nihil
994 366 1088 405 inde
1108 376 1319 417 reposcens

277 442 324 482 Ni
344 442 503 482 laudem
518 445 556 481 et
575 451 699 480 vanos
723 439 858 492 populi
877 450 946 491 per
963 437 1135 489 compita
1154 441 1309 476 ventos.
1465 437 1544 475 495

278 514 465 562 Quaenam
487 512 607 564 igitur
626 523 778 564 quaeres
796 521 886 549 mea
907 509 956 549 sit
978 507 1200 549 sententia?
1221 507 1356 547 Dicam
1376 520 1384 546 :

278 583 345 624 Ille
369 588 445 633 eat,
465 588 508 623 ut
530 588 679 623 metam
698 586 832 622 teneat
850 581 941 621 licet
964 580 1070 620 inter
1088 579 1267 619 eundum

278 655 427 695 Umbra
453 659 641 707 sequatur
658 654 748 704 iter,
771 652 929 693 virtutis
952 663 1085 692 amore
1104 650 1278 690 laboret:

277 727 348 766 Hic
363 726 462 767 alius
487 725 713 778 coelumque
733 724 808 765 sibi
829 723 879 764 sit
897 722 1109 771 terminus,
1130 726 1169 761 et
1185 732 1266 760 non

276 798 407 838 Gloria
416 809 503 850 quae
514 797 677 838 meritos
690 796 869 849 sequitur
880 795 948 835 sed
961 798 1092 846 spreta
1106 793 1274 833 labores.
1467 795 1545 833 500

275 870 376 920 Ergo
395 881 479 921 age,
502 874 609 919 nate,
634 868 740 909 viam
758 867 831 907 tibi
851 877 971 919 quam
991 877 1109 917 super
1127 864 1250 904 ardua
1274 867 1453 903 monstro

276 941 498 992 Ingredere,
519 945 585 980 aut
605 939 737 992 potius
755 942 930 990 coeptum
948 949 998 977 ne
1020 937 1156 976 desere
1176 935 1330 975 callem.

276 1011 435 1052 Publica
454 1024 532 1061 res,
550 1011 648 1051 duce
670 1016 722 1062 te,
742 1010 884 1062 vigeat,
908 1008 1127 1060 victrixque
1145 1018 1332 1059 supremo

275 1083 442 1123 Cardine
459 1082 629 1124 fortunae
651 1082 805 1131 sedeat;
828 1080 1022 1134 spectabit
1042 1079 1089 1120 ab
1110 1079 1226 1119 astris

274 1155 474 1207 Quidquid
494 1167 584 1207 ages
604 1154 783 1207 placidus
804 1165 874 1194 rex
894 1157 1036 1193 cuncta
1056 1151 1227 1204 tegentis
1252 1149 1426 1203 Olympi,
1468 1152 1544 1190 505

275 1228 404 1266 Laetus
421 1226 573 1266 honore
598 1231 682 1275 tuo,
705 1226 772 1266 sed
792 1224 902 1265 nullo
918 1224 1045 1264 laetior
1059 1228 1148 1263 actu

275 1299 401 1347 Quam
422 1310 491 1350 per
505 1304 544 1338 te
562 1298 750 1338 baculum
768 1297 904 1350 patriae
926 1307 1135 1347 superesse
1154 1294 1305 1335 labanti
1322 1308 1331 1344 3

274 1371 428 1410 Nomen
449 1375 488 1410 et
508 1369 582 1410 hoc
600 1370 742 1410 merito
762 1368 957 1421 Scipionis
976 1367 1123 1407 habere
1143 1366 1295 1406 videbit

274 1442 584 1493 Cognomenque
605 1441 713 1481 aliud
737 1440 807 1480 tibi
830 1443 927 1492 quot
956 1444 1022 1479 tua
1042 1437 1123 1478 fata
1142 1437 1355 1490 parabunt.

275 1514 439 1565 Insuper
458 1512 499 1552 id
517 1524 675 1562 moneo,
700 1511 946 1563 memorique
966 1509 1041 1549 hoc
1065 1508 1252 1561 imprime
1272 1507 1397 1548 menti
1427 1522 1435 1547 :
1468 1510 1544 1549 510

274 1586 366 1624 Post
386 1584 563 1624 studium
583 1584 675 1625 recti
699 1583 914 1636 patriaeque
935 1581 1111 1634 parentis
1129 1592 1307 1620 amorem

273 1656 458 1696 Proxima
479 1656 527 1696 de
548 1656 646 1696 caris
666 1655 738 1695 tibi
760 1666 855 1695 cura
876 1652 1051 1706 supersit
1071 1652 1222 1692 amicis.

273 1729 426 1768 Pronus
450 1727 643 1767 amicitias
663 1725 901 1779 amplectere
922 1736 1020 1777 quas
1046 1723 1120 1764 tibi
1143 1723 1270 1763 virtus

271 1799 475 1850 Conciliat,
497 1803 708 1852 partasque
731 1797 828 1838 cole.
852 1798 934 1836 Hoc
954 1796 1018 1846 da,
1044 1799 1155 1845 nate,
1180 1793 1356 1846 roganti;

316 1921 393 1952 495.
420 1919 531 1954 Varios
550 1920 584 1952 in
605 1920 656 1952 ed.
676 1920 765 1958 Bas„
785 1927 882 1951 vanos
903 1918 936 1949 in
950 1927 1011 1950 ms.
1032 1918 1069 1956 A,
1090 1917 1128 1955 B,
1150 1917 1185 1955 C,
1206 1917 1243 1954 D,
1264 1916 1300 1947 E.

316 1979 391 2009 1097.
413 1977 494 2010 Erat
513 1977 546 2008 111
567 1978 621 2009 ed.
640 1978 729 2015 Bas.‚
751 1980 802 2009 eat
824 1976 858 2007 in
880 1985 941 2007 ms.
956 1976 995 2014 Α,
1012 1976 1048 2013 Β,
1062 1975 1098 2012 Ε,
1116 1974 1138 2005 F
1152 1984 1161 2013 ς
1177 1974 1263 2005 inter
1280 1971 1417 2004 eundem
1439 1971 1469 2003 in
1489 1973 1541 2004 ed.

271 2033 360 2074 Bas„
380 2035 468 2066 intus
486 2033 636 2066 eumdem
656 2033 689 2064 in
711 2043 772 2065 ms.
791 2034 829 2071 Α,
850 2035 881 2064 et
901 2032 1013 2071 simul,
1030 2040 1128 2063 manu
1146 2029 1332 2071 posteriori,
1354 2029 1438 2062 inter
1460 2038 1543 2061 eun-

272 2091 362 2130 dum,
380 2092 464 2132 quod
485 2090 720 2131 transcripsere
743 2099 805 2121 ms.
830 2090 864 2127 B,
884 2089 918 2127 C,
935 2089 971 2120 D.

317 2150 390 2179 505.
410 2148 561 2189 Reqentis
582 2147 613 2179 in
638 2148 690 2179 ed.
708 2147 795 2185 Bas„
818 2146 954 2187 tegentis
974 2144 1006 2176 in
1026 2153 1088 2176 ms.
1109 2144 1146 2182 Α,
1165 2144 1202 2181 Β,
1223 2143 1257 2180 C,
1274 2143 1314 2180 D,
1334 2142 1369 2173 F.

316 2205 392 2236 507.
415 2203 517 2245 Quam
534 2204 619 2246 quod
647 2207 678 2236 te
704 2203 823 2245 patriae
848 2202 998 2234 baculum
1022 2208 1186 2243 superesse
1207 2199 1335 2237 libanti,
1358 2197 1404 2229 sic
1423 2196 1544 2238 legitur

269 2261 323 2294 hic
339 2270 450 2294 versus
469 2261 503 2293 in
520 2262 574 2293 ed.
596 2261 684 2300 Bas.;
703 2268 762 2303 per
791 2269 850 2301 pro
873 2259 958 2301 quod
977 2258 1011 2290 in
1037 2267 1099 2289 ms.
1120 2258 1159 2296 A,
1185 2256 1222 2294 Β,
1243 2257 1264 2287 F
1283 2266 1291 2294 3
1314 2254 1464 2287 baculum
1481 2263 1542 2296 ραι

271 2319 340 2350 trice
361 2328 417 2359 pro
436 2318 550 2362 patriae
570 2317 720 2350 bacalum
741 2317 773 2349 in
796 2326 856 2348 ms.
880 2317 918 2355 Α,
936 2316 958 2347 B
980 2326 987 2354 3
1009 2314 1131 2347 labanti
1152 2322 1209 2354 pro
1231 2311 1346 2344 libante·
1366 2312 1397 2343 in
1424 2321 1485 2342 ms.
1503 2312 1540 2349 Α,

268 2376 304 2413 Β,
324 2376 360 2414 Ε,
382 2376 418 2407 F.

313 2434 386 2463 509.
410 2430 511 2465 Facta
533 2432 564 2463 in
581 2432 635 2464 ed.
655 2431 744 2471 Bas,
763 2430 882 2471 fatain
903 2439 965 2461 ms.
987 2430 1024 2467 Α,
1046 2428 1082 2466 Β,
1104 2428 1140 2466 C,
1162 2428 1199 2458 D.

314 2490 391 2521 514.
409 2488 524 2521 Partes
543 2488 577 2521 in
594 2490 645 2521 ed.
667 2489 756 2527 Bas,
773 2489 886 2529 partas
903 2487 936 2519 in
959 2486 1112 2519 omnibus
1130 2493 1193 2516 ms.
