<?xml version="1.0" encoding="UTF-8"?>
<!DOCTYPE html PUBLIC "-//W3C//DTD XHTML 1.0 Transitional//EN"
    "http://www.w3.org/TR/xhtml1/DTD/xhtml1-transitional.dtd">
<html xmlns="http://www.w3.org/1999/xhtml" xml:lang="en" lang="en">
 <head>
  <title>
</title>
<meta http-equiv="Content-Type" content="text/html;charset=utf-8" />
  <meta name='ocr-system' content='tesseract 3.04.00' />
  <meta name='ocr-capabilities' content='ocr_page ocr_carea ocr_par ocr_line ocrx_word'/>
</head>
<body>
  <div class='ocr_page' id='page_1' title='image "africa1872petr_0298.png"; bbox 0 0 1865 2959; ppageno 0'>
   <div class='ocr_carea' id='block_1_1' title="bbox 834 258 1047 296">
    <p class='ocr_par' dir='ltr' id='par_1_1' title="bbox 834 258 1047 296">
     <span class='ocr_line' id='line_1_1' title="bbox 834 258 1047 296; baseline 0.005 -1"><span class='ocrx_word' id='word_1_1' title='bbox 834 258 976 296; x_wconf 71' lang='lat'>—286</span> <span class='ocrx_word' id='word_1_2' title='bbox 1005 280 1047 286; x_wconf 94' lang='lat'><strong>—</strong></span> 
     </span>
    </p>
   </div>
   <div class='ocr_carea' id='block_1_2' title="bbox 295 343 1590 2209">
    <p class='ocr_par' dir='ltr' id='par_1_2' title="bbox 295 343 1590 1700">
     <span class='ocr_line' id='line_1_2' title="bbox 297 343 1235 398; baseline 0 -13"><span class='ocrx_word' id='word_1_3' title='bbox 297 346 372 385; x_wconf 87' lang='lat' dir='ltr'>Per</span> <span class='ocrx_word' id='word_1_4' title='bbox 394 356 519 396; x_wconf 84' lang='lat' dir='ltr'>mare,</span> <span class='ocrx_word' id='word_1_5' title='bbox 540 357 614 398; x_wconf 89' lang='lat' dir='ltr'>per</span> <span class='ocrx_word' id='word_1_6' title='bbox 637 349 781 396; x_wconf 86' lang='lat' dir='ltr'>terras,</span> <span class='ocrx_word' id='word_1_7' title='bbox 803 344 904 385; x_wconf 90' lang='lat' dir='ltr'>nulli</span> <span class='ocrx_word' id='word_1_8' title='bbox 924 345 1091 386; x_wconf 80' lang='lat' dir='ltr'>cessisse</span> <span class='ocrx_word' id='word_1_9' title='bbox 1110 343 1235 385; x_wconf 80' lang='lat' dir='ltr'>labori</span> 
     </span>
     <span class='ocr_line' id='line_1_3' title="bbox 296 416 1352 471; baseline 0.001 -14"><span class='ocrx_word' id='word_1_10' title='bbox 296 417 369 457; x_wconf 85' lang='lat' dir='ltr'>Hic</span> <span class='ocrx_word' id='word_1_11' title='bbox 388 417 518 468; x_wconf 84' lang='lat' dir='ltr'>video,</span> <span class='ocrx_word' id='word_1_12' title='bbox 540 421 731 471; x_wconf 78' lang='lat' dir='ltr'>pugnate,</span> <span class='ocrx_word' id='word_1_13' title='bbox 747 429 911 470; x_wconf 87' lang='lat' dir='ltr'>precor;</span> <span class='ocrx_word' id='word_1_14' title='bbox 935 417 967 458; x_wconf 90' lang='lat' dir='ltr'>si</span> <span class='ocrx_word' id='word_1_15' title='bbox 985 417 1105 471; x_wconf 80' lang='lat' dir='ltr'>digna</span> <span class='ocrx_word' id='word_1_16' title='bbox 1128 416 1352 459; x_wconf 81' lang='lat' dir='ltr'>manebunt</span> 
     </span>
     <span class='ocr_line' id='line_1_4' title="bbox 295 489 1584 541; baseline 0.002 -12"><span class='ocrx_word' id='word_1_17' title='bbox 295 489 464 530; x_wconf 82' lang='lat' dir='ltr'>Praemia</span> <span class='ocrx_word' id='word_1_18' title='bbox 483 489 667 540; x_wconf 86' lang='lat' dir='ltr'>victores,</span> <span class='ocrx_word' id='word_1_19' title='bbox 689 502 772 530; x_wconf 89' lang='lat' dir='ltr'>non</span> <span class='ocrx_word' id='word_1_20' title='bbox 786 502 873 539; x_wconf 89' lang='lat' dir='ltr'>vos,</span> <span class='ocrx_word' id='word_1_21' title='bbox 897 489 996 530; x_wconf 88' lang='lat' dir='ltr'>mihi</span> <span class='ocrx_word' id='word_1_22' title='bbox 1015 490 1178 541; x_wconf 86' lang='lat' dir='ltr'>credite,</span> <span class='ocrx_word' id='word_1_23' title='bbox 1199 490 1314 530; x_wconf 82' lang='lat' dir='ltr'>vallis</span> <span class='ocrx_word' id='word_1_24' title='bbox 1505 492 1584 531; x_wconf 76' lang='lat'>900</span> 
     </span>
     <span class='ocr_line' id='line_1_5' title="bbox 298 562 1261 615; baseline 0 -13"><span class='ocrx_word' id='word_1_25' title='bbox 298 562 479 615; x_wconf 81' lang='lat' dir='ltr'>Hispida,</span> <span class='ocrx_word' id='word_1_26' title='bbox 500 574 574 603; x_wconf 91' lang='lat' dir='ltr'>nec</span> <span class='ocrx_word' id='word_1_27' title='bbox 589 562 697 615; x_wconf 81' lang='lat' dir='ltr'>regio</span> <span class='ocrx_word' id='word_1_28' title='bbox 718 562 899 614; x_wconf 79' lang='lat' dir='ltr'>abruptis</span> <span class='ocrx_word' id='word_1_29' title='bbox 920 562 1117 614; x_wconf 75' lang='lat' dir='ltr'>impervia</span> <span class='ocrx_word' id='word_1_30' title='bbox 1139 562 1261 613; x_wconf 79' lang='lat' dir='ltr'>saxis,</span> 
     </span>
     <span class='ocr_line' id='line_1_6' title="bbox 297 634 1202 688; baseline 0 -13"><span class='ocrx_word' id='word_1_31' title='bbox 297 635 375 675; x_wconf 84' lang='lat' dir='ltr'>Sed</span> <span class='ocrx_word' id='word_1_32' title='bbox 395 635 523 688; x_wconf 82' lang='lat' dir='ltr'>campi</span> <span class='ocrx_word' id='word_1_33' title='bbox 539 635 710 688; x_wconf 76' lang='lat' dir='ltr'><strong>pingues</strong></span> <span class='ocrx_word' id='word_1_34' title='bbox 728 640 767 675; x_wconf 89' lang='lat' dir='ltr'>et</span> <span class='ocrx_word' id='word_1_35' title='bbox 781 634 879 675; x_wconf 84' lang='lat' dir='ltr'>ditia</span> <span class='ocrx_word' id='word_1_36' title='bbox 895 646 989 675; x_wconf 80' lang='lat' dir='ltr'>rura</span> <span class='ocrx_word' id='word_1_37' title='bbox 1003 634 1202 675; x_wconf 82' lang='lat' dir='ltr'>tenebunt</span> 
     </span>
     <span class='ocr_line' id='line_1_7' title="bbox 301 705 1251 760; baseline 0 -14"><span class='ocrx_word' id='word_1_38' title='bbox 301 706 435 757; x_wconf 67' lang='lat' dir='ltr'>ltaliae,</span> <span class='ocrx_word' id='word_1_39' title='bbox 458 711 670 760; x_wconf 73' lang='lat' dir='ltr'>vesterque</span> <span class='ocrx_word' id='word_1_40' title='bbox 690 718 815 760; x_wconf 77' lang='lat' dir='ltr'>pavor</span> <span class='ocrx_word' id='word_1_41' title='bbox 831 705 1101 759; x_wconf 80' lang='lat' dir='ltr'>stimulusque</span> <span class='ocrx_word' id='word_1_42' title='bbox 1120 705 1251 747; x_wconf 83' lang='lat' dir='ltr'>silebit</span> 
     </span>
     <span class='ocr_line' id='line_1_8' title="bbox 300 778 1341 831; baseline 0 -12"><span class='ocrx_word' id='word_1_43' title='bbox 300 780 426 819; x_wconf 84' lang='lat' dir='ltr'>Roma</span> <span class='ocrx_word' id='word_1_44' title='bbox 444 778 571 819; x_wconf 83' lang='lat' dir='ltr'>ferox.</span> <span class='ocrx_word' id='word_1_45' title='bbox 593 781 674 820; x_wconf 87' lang='lat' dir='ltr'>Vos</span> <span class='ocrx_word' id='word_1_46' title='bbox 696 790 784 820; x_wconf 78' lang='lat' dir='ltr'>cara</span> <span class='ocrx_word' id='word_1_47' title='bbox 806 778 908 819; x_wconf 86' lang='lat' dir='ltr'>mihi</span> <span class='ocrx_word' id='word_1_48' title='bbox 925 778 1147 831; x_wconf 84' lang='lat' dir='ltr'>dilectaque</span> <span class='ocrx_word' id='word_1_49' title='bbox 1166 778 1341 819; x_wconf 88' lang='lat' dir='ltr'>multum</span> 
     </span>
     <span class='ocr_line' id='line_1_9' title="bbox 299 850 1587 904; baseline 0 -13"><span class='ocrx_word' id='word_1_50' title='bbox 299 851 486 903; x_wconf 79' lang='lat' dir='ltr'>Agmina,</span> <span class='ocrx_word' id='word_1_51' title='bbox 509 863 660 904; x_wconf 87' lang='lat' dir='ltr'>vosque</span> <span class='ocrx_word' id='word_1_52' title='bbox 673 851 752 892; x_wconf 88' lang='lat' dir='ltr'>mei</span> <span class='ocrx_word' id='word_1_53' title='bbox 774 851 880 891; x_wconf 88' lang='lat' dir='ltr'>cives</span> <span class='ocrx_word' id='word_1_54' title='bbox 895 850 1141 903; x_wconf 83' lang='lat' dir='ltr'>impulsibus</span> <span class='ocrx_word' id='word_1_55' title='bbox 1161 850 1252 891; x_wconf 88' lang='lat' dir='ltr'>ullis</span> <span class='ocrx_word' id='word_1_56' title='bbox 1508 852 1587 891; x_wconf 76' lang='lat'>905</span> 
     </span>
     <span class='ocr_line' id='line_1_10' title="bbox 298 923 1473 976; baseline -0.002 -13"><span class='ocrx_word' id='word_1_57' title='bbox 298 924 385 963; x_wconf 85' lang='lat' dir='ltr'>Non</span> <span class='ocrx_word' id='word_1_58' title='bbox 409 935 510 976; x_wconf 88' lang='lat' dir='ltr'>opus</span> <span class='ocrx_word' id='word_1_59' title='bbox 533 928 601 964; x_wconf 80' lang='lat' dir='ltr'>aut</span> <span class='ocrx_word' id='word_1_60' title='bbox 623 923 814 973; x_wconf 80' lang='lat' dir='ltr'>monitis3</span> <span class='ocrx_word' id='word_1_61' title='bbox 838 923 1007 976; x_wconf 76' lang='lat' dir='ltr'>patriani</span> <span class='ocrx_word' id='word_1_62' title='bbox 1031 927 1206 975; x_wconf 81' lang='lat' dir='ltr'>spectate</span> <span class='ocrx_word' id='word_1_63' title='bbox 1231 927 1473 963; x_wconf 81' lang='lat' dir='ltr'>trementem</span> 
     </span>
     <span class='ocr_line' id='line_1_11' title="bbox 300 995 1318 1049; baseline -0.001 -14"><span class='ocrx_word' id='word_1_64' title='bbox 300 995 553 1049; x_wconf 88' lang='lat' dir='ltr'>Hostilesque</span> <span class='ocrx_word' id='word_1_65' title='bbox 574 995 679 1036; x_wconf 81' lang='lat' dir='ltr'>faces</span> <span class='ocrx_word' id='word_1_66' title='bbox 697 1000 817 1048; x_wconf 80' lang='lat' dir='ltr'>atque</span> <span class='ocrx_word' id='word_1_67' title='bbox 834 995 957 1048; x_wconf 77' lang='lat' dir='ltr'>impia</span> <span class='ocrx_word' id='word_1_68' title='bbox 979 995 1059 1048; x_wconf 78' lang='lat' dir='ltr'>pila</span> <span class='ocrx_word' id='word_1_69' title='bbox 1086 1000 1318 1047; x_wconf 77' lang='lat' dir='ltr'>paventem,</span> 
     </span>
     <span class='ocr_line' id='line_1_12' title="bbox 299 1066 1208 1120; baseline -0.001 -12"><span class='ocrx_word' id='word_1_70' title='bbox 299 1069 348 1108; x_wconf 83' lang='lat' dir='ltr'>Et</span> <span class='ocrx_word' id='word_1_71' title='bbox 367 1072 485 1108; x_wconf 87' lang='lat' dir='ltr'>notos</span> <span class='ocrx_word' id='word_1_72' title='bbox 505 1080 644 1108; x_wconf 87' lang='lat' dir='ltr'>muros</span> <span class='ocrx_word' id='word_1_73' title='bbox 662 1067 732 1108; x_wconf 88' lang='lat' dir='ltr'>ubi</span> <span class='ocrx_word' id='word_1_74' title='bbox 753 1067 883 1120; x_wconf 80' lang='lat' dir='ltr'>prima</span> <span class='ocrx_word' id='word_1_75' title='bbox 901 1066 1074 1107; x_wconf 78' lang='lat' dir='ltr'>infantia</span> <span class='ocrx_word' id='word_1_76' title='bbox 1094 1067 1208 1107; x_wconf 74' lang='lat' dir='ltr'>vobis</span> 
     </span>
     <span class='ocr_line' id='line_1_13' title="bbox 298 1139 1285 1192; baseline 0 -13"><span class='ocrx_word' id='word_1_77' title='bbox 298 1141 445 1181; x_wconf 79' lang='lat' dir='ltr'>Exacta</span> <span class='ocrx_word' id='word_1_78' title='bbox 467 1144 541 1192; x_wconf 87' lang='lat' dir='ltr'>est,</span> <span class='ocrx_word' id='word_1_79' title='bbox 568 1140 637 1181; x_wconf 90' lang='lat' dir='ltr'>ubi</span> <span class='ocrx_word' id='word_1_80' title='bbox 661 1145 719 1180; x_wconf 89' lang='lat' dir='ltr'>tot</span> <span class='ocrx_word' id='word_1_81' title='bbox 743 1140 877 1180; x_wconf 87' lang='lat' dir='ltr'>meriti</span> <span class='ocrx_word' id='word_1_82' title='bbox 900 1139 1071 1180; x_wconf 77' lang='lat' dir='ltr'>duxistis</span> <span class='ocrx_word' id='word_1_83' title='bbox 1094 1139 1285 1189; x_wconf 83' lang='lat' dir='ltr'>honores,</span> 
     </span>
     <span class='ocr_line' id='line_1_14' title="bbox 300 1212 1589 1266; baseline -0.002 -13"><span class='ocrx_word' id='word_1_84' title='bbox 300 1214 375 1253; x_wconf 84' lang='lat' dir='ltr'>Tot</span> <span class='ocrx_word' id='word_1_85' title='bbox 398 1212 511 1253; x_wconf 77' lang='lat' dir='ltr'>laetos</span> <span class='ocrx_word' id='word_1_86' title='bbox 529 1212 734 1266; x_wconf 87' lang='lat' dir='ltr'>festosque</span> <span class='ocrx_word' id='word_1_87' title='bbox 755 1212 856 1263; x_wconf 80' lang='lat' dir='ltr'>dies,</span> <span class='ocrx_word' id='word_1_88' title='bbox 880 1212 949 1253; x_wconf 89' lang='lat' dir='ltr'>ubi</span> <span class='ocrx_word' id='word_1_89' title='bbox 971 1212 1089 1253; x_wconf 76' lang='lat' dir='ltr'>busta</span> <span class='ocrx_word' id='word_1_90' title='bbox 1107 1212 1287 1265; x_wconf 81' lang='lat' dir='ltr'>cinisque</span> <span class='ocrx_word' id='word_1_91' title='bbox 1512 1214 1589 1252; x_wconf 80' lang='grc'>910</span> 
     </span>
     <span class='ocr_line' id='line_1_15' title="bbox 300 1283 1513 1337; baseline -0.001 -12"><span class='ocrx_word' id='word_1_92' title='bbox 300 1286 496 1337; x_wconf 76' lang='lat' dir='ltr'>MaJoruni</span> <span class='ocrx_word' id='word_1_93' title='bbox 518 1289 556 1325; x_wconf 91' lang='lat' dir='ltr'>et</span> <span class='ocrx_word' id='word_1_94' title='bbox 575 1285 747 1325; x_wconf 82' lang='lat' dir='ltr'>inemori</span> <span class='ocrx_word' id='word_1_95' title='bbox 770 1289 878 1325; x_wconf 80' lang='lat' dir='ltr'>stant</span> <span class='ocrx_word' id='word_1_96' title='bbox 894 1284 1050 1337; x_wconf 71' lang='lat' dir='ltr'>scriptze</span> <span class='ocrx_word' id='word_1_97' title='bbox 1070 1285 1112 1324; x_wconf 90' lang='lat' dir='ltr'>in</span> <span class='ocrx_word' id='word_1_98' title='bbox 1139 1295 1340 1325; x_wconf 83' lang='lat' dir='ltr'>marmore</span> <span class='ocrx_word' id='word_1_99' title='bbox 1361 1283 1513 1324; x_wconf 83' lang='lat' dir='ltr'>laudes.</span> 
     </span>
     <span class='ocr_line' id='line_1_16' title="bbox 302 1356 1192 1410; baseline 0 -14"><span class='ocrx_word' id='word_1_100' title='bbox 302 1357 444 1397; x_wconf 85' lang='lat' dir='ltr'>Omnis</span> <span class='ocrx_word' id='word_1_101' title='bbox 461 1357 503 1397; x_wconf 91' lang='lat' dir='ltr'>in</span> <span class='ocrx_word' id='word_1_102' title='bbox 523 1357 688 1398; x_wconf 67' lang='lat' dir='ltr'>armenis</span> <span class='ocrx_word' id='word_1_103' title='bbox 708 1356 847 1410; x_wconf 66' lang='lat' dir='ltr'>patria]</span> <span class='ocrx_word' id='word_1_104' title='bbox 873 1356 1019 1396; x_wconf 84' lang='lat' dir='ltr'>fiducia</span> <span class='ocrx_word' id='word_1_105' title='bbox 1041 1356 1192 1396; x_wconf 69' lang='lat' dir='ltr'>dextris</span> 
     </span>
     <span class='ocr_line' id='line_1_17' title="bbox 302 1428 1292 1478; baseline 0 -9"><span class='ocrx_word' id='word_1_106' title='bbox 302 1430 350 1469; x_wconf 80' lang='lat' dir='ltr'>Et</span> <span class='ocrx_word' id='word_1_107' title='bbox 370 1433 503 1470; x_wconf 77' lang='lat' dir='ltr'>vestra</span> <span class='ocrx_word' id='word_1_108' title='bbox 523 1429 670 1470; x_wconf 86' lang='lat' dir='ltr'>virtute</span> <span class='ocrx_word' id='word_1_109' title='bbox 691 1429 766 1469; x_wconf 79' lang='lat' dir='ltr'>sita</span> <span class='ocrx_word' id='word_1_110' title='bbox 787 1433 846 1469; x_wconf 86' lang='lat' dir='ltr'>est</span> <span class='ocrx_word' id='word_1_111' title='bbox 869 1442 877 1468; x_wconf 71' lang='grc' dir='ltr'><em>τ</em></span> <span class='ocrx_word' id='word_1_112' title='bbox 907 1428 1125 1469; x_wconf 80' lang='lat' dir='ltr'>succurrite</span> <span class='ocrx_word' id='word_1_113' title='bbox 1151 1428 1264 1469; x_wconf 64' lang='lat' dir='ltr'>fessa}</span> <span class='ocrx_word' id='word_1_114' title='bbox 1284 1443 1292 1478; x_wconf 91' lang='lat'>;</span> 
     </span>
     <span class='ocr_line' id='line_1_18' title="bbox 304 1501 1224 1555; baseline -0.001 -13"><span class='ocrx_word' id='word_1_115' title='bbox 304 1503 455 1542; x_wconf 77' lang='lat' dir='ltr'>Uxores</span> <span class='ocrx_word' id='word_1_116' title='bbox 480 1501 609 1553; x_wconf 84' lang='lat' dir='ltr'>vobis,</span> <span class='ocrx_word' id='word_1_117' title='bbox 637 1502 855 1555; x_wconf 87' lang='lat' dir='ltr'>dulcesque</span> <span class='ocrx_word' id='word_1_118' title='bbox 881 1513 1087 1542; x_wconf 89' lang='lat' dir='ltr'>occurrere</span> <span class='ocrx_word' id='word_1_119' title='bbox 1108 1506 1224 1541; x_wconf 82' lang='lat' dir='ltr'>natos</span> 
     </span>
     <span class='ocr_line' id='line_1_19' title="bbox 301 1574 1590 1627; baseline -0.002 -13"><span class='ocrx_word' id='word_1_120' title='bbox 301 1575 513 1626; x_wconf 87' lang='lat' dir='ltr'>Deprecor,</span> <span class='ocrx_word' id='word_1_121' title='bbox 540 1578 578 1615; x_wconf 91' lang='lat' dir='ltr'>et</span> <span class='ocrx_word' id='word_1_122' title='bbox 598 1574 775 1627; x_wconf 79' lang='lat' dir='ltr'>trepidas</span> <span class='ocrx_word' id='word_1_123' title='bbox 796 1578 945 1614; x_wconf 80' lang='lat' dir='ltr'>matres</span> <span class='ocrx_word' id='word_1_124' title='bbox 974 1585 1206 1627; x_wconf 75' lang='lat' dir='ltr'>sacramque</span> <span class='ocrx_word' id='word_1_125' title='bbox 1225 1577 1439 1626; x_wconf 78' lang='lat' dir='ltr'>parentum</span> <span class='ocrx_word' id='word_1_126' title='bbox 1512 1574 1590 1613; x_wconf 73' lang='lat'>915</span> 
     </span>
     <span class='ocr_line' id='line_1_20' title="bbox 302 1646 1363 1700; baseline -0.004 -13"><span class='ocrx_word' id='word_1_127' title='bbox 302 1647 515 1698; x_wconf 80' lang='lat' dir='ltr'>Canitiem,</span> <span class='ocrx_word' id='word_1_128' title='bbox 540 1652 578 1688; x_wconf 90' lang='lat' dir='ltr'>et</span> <span class='ocrx_word' id='word_1_129' title='bbox 599 1647 717 1700; x_wconf 79' lang='lat' dir='ltr'>patrii</span> <span class='ocrx_word' id='word_1_130' title='bbox 743 1659 880 1688; x_wconf 73' lang='lat' dir='ltr'>curant</span> <span class='ocrx_word' id='word_1_131' title='bbox 902 1659 1112 1700; x_wconf 87' lang='lat' dir='ltr'>superesse</span> <span class='ocrx_word' id='word_1_132' title='bbox 1132 1646 1316 1699; x_wconf 86' lang='lat' dir='ltr'>sepulcri.</span> <span class='ocrx_word' id='word_1_133' title='bbox 1346 1662 1363 1684; x_wconf 71' lang='lat' dir='ltr'>n</span> 
     </span>
    </p>

    <p class='ocr_par' dir='ltr' id='par_1_3' title="bbox 302 1719 1590 2209">
     <span class='ocr_line' id='line_1_21' title="bbox 354 1719 1402 1773; baseline -0.001 -13"><span class='ocrx_word' id='word_1_134' title='bbox 354 1720 544 1760; x_wconf 86' lang='lat' dir='ltr'>Nondum</span> <span class='ocrx_word' id='word_1_135' title='bbox 569 1720 742 1770; x_wconf 78' lang='lat' dir='ltr'>finierat,</span> <span class='ocrx_word' id='word_1_136' title='bbox 767 1732 1020 1773; x_wconf 78' lang='lat' dir='ltr'>magnusque</span> <span class='ocrx_word' id='word_1_137' title='bbox 1040 1720 1081 1760; x_wconf 90' lang='lat' dir='ltr'>in</span> <span class='ocrx_word' id='word_1_138' title='bbox 1105 1719 1227 1760; x_wconf 70' lang='lat' dir='ltr'>verba</span> <span class='ocrx_word' id='word_1_139' title='bbox 1252 1719 1402 1759; x_wconf 74' lang='lat' dir='ltr'>ferebat</span> 
     </span>
     <span class='ocr_line' id='line_1_22' title="bbox 304 1792 1400 1846; baseline -0.002 -14"><span class='ocrx_word' id='word_1_140' title='bbox 304 1794 481 1846; x_wconf 89' lang='lat' dir='ltr'>lmpetus</span> <span class='ocrx_word' id='word_1_141' title='bbox 501 1793 727 1844; x_wconf 79' lang='lat' dir='ltr'>ardentem,</span> <span class='ocrx_word' id='word_1_142' title='bbox 754 1792 887 1833; x_wconf 86' lang='lat' dir='ltr'>subito</span> <span class='ocrx_word' id='word_1_143' title='bbox 908 1805 999 1833; x_wconf 81' lang='lat' dir='ltr'>cuni</span> <span class='ocrx_word' id='word_1_144' title='bbox 1018 1792 1179 1833; x_wconf 78' lang='lat' dir='ltr'>classica</span> <span class='ocrx_word' id='word_1_145' title='bbox 1201 1797 1238 1832; x_wconf 90' lang='lat' dir='ltr'>et</span> <span class='ocrx_word' id='word_1_146' title='bbox 1259 1803 1400 1832; x_wconf 85' lang='lat' dir='ltr'>omnes</span> 
     </span>
     <span class='ocr_line' id='line_1_23' title="bbox 302 1864 1346 1917; baseline -0.001 -13"><span class='ocrx_word' id='word_1_147' title='bbox 302 1866 494 1906; x_wconf 77' lang='lat' dir='ltr'>Romanae</span> <span class='ocrx_word' id='word_1_148' title='bbox 514 1865 693 1906; x_wconf 83' lang='lat' dir='ltr'>cecinere</span> <span class='ocrx_word' id='word_1_149' title='bbox 711 1865 836 1916; x_wconf 77' lang='lat' dir='ltr'>tnbae,</span> <span class='ocrx_word' id='word_1_150' title='bbox 860 1866 1089 1917; x_wconf 79' lang='lat' dir='ltr'>clamorque</span> <span class='ocrx_word' id='word_1_151' title='bbox 1110 1864 1346 1905; x_wconf 82' lang='lat' dir='ltr'>tremendus</span> 
     </span>
     <span class='ocr_line' id='line_1_24' title="bbox 304 1935 1590 1990; baseline -0.004 -13"><span class='ocrx_word' id='word_1_152' title='bbox 304 1938 423 1979; x_wconf 82' lang='lat' dir='ltr'>Ortus</span> <span class='ocrx_word' id='word_1_153' title='bbox 441 1937 490 1978; x_wconf 78' lang='lat' dir='ltr'>ab</span> <span class='ocrx_word' id='word_1_154' title='bbox 512 1938 680 1978; x_wconf 85' lang='lat' dir='ltr'>adverso</span> <span class='ocrx_word' id='word_1_155' title='bbox 700 1937 846 1978; x_wconf 82' lang='lat' dir='ltr'>coelum</span> <span class='ocrx_word' id='word_1_156' title='bbox 867 1937 1081 1990; x_wconf 72' lang='lat' dir='ltr'>complevit</span> <span class='ocrx_word' id='word_1_157' title='bbox 1100 1942 1138 1977; x_wconf 86' lang='lat' dir='ltr'>et</span> <span class='ocrx_word' id='word_1_158' title='bbox 1158 1948 1290 1985; x_wconf 75' lang='lat' dir='ltr'>auraS,</span> <span class='ocrx_word' id='word_1_159' title='bbox 1512 1935 1590 1973; x_wconf 71' lang='lat'>9⁶20</span> 
     </span>
     <span class='ocr_line' id='line_1_25' title="bbox 304 2008 1373 2063; baseline -0.003 -13"><span class='ocrx_word' id='word_1_160' title='bbox 304 2011 361 2050; x_wconf 87' lang='lat' dir='ltr'>Ac</span> <span class='ocrx_word' id='word_1_161' title='bbox 386 2010 554 2063; x_wconf 86' lang='lat' dir='ltr'>strepitu</span> <span class='ocrx_word' id='word_1_162' title='bbox 575 2009 761 2051; x_wconf 83' lang='lat' dir='ltr'>horrifico</span> <span class='ocrx_word' id='word_1_163' title='bbox 786 2009 967 2050; x_wconf 85' lang='lat' dir='ltr'>volucres</span> <span class='ocrx_word' id='word_1_164' title='bbox 990 2009 1142 2050; x_wconf 59' lang='lat' dir='ltr'>haesere</span> <span class='ocrx_word' id='word_1_165' title='bbox 1161 2008 1342 2049; x_wconf 77' lang='lat' dir='ltr'>volantes</span> <span class='ocrx_word' id='word_1_166' title='bbox 1366 2022 1373 2047; x_wconf 79' lang='grc' dir='ltr'>ε</span> 
     </span>
     <span class='ocr_line' id='line_1_26' title="bbox 304 2081 1403 2135; baseline -0.003 -12"><span class='ocrx_word' id='word_1_167' title='bbox 304 2083 389 2131; x_wconf 82' lang='lat' dir='ltr'>Quo</span> <span class='ocrx_word' id='word_1_168' title='bbox 409 2088 561 2124; x_wconf 82' lang='lat' dir='ltr'>cunctae</span> <span class='ocrx_word' id='word_1_169' title='bbox 581 2094 786 2124; x_wconf 67' lang='lat' dir='ltr'>concussze</span> <span class='ocrx_word' id='word_1_170' title='bbox 802 2083 906 2123; x_wconf 77' lang='lat' dir='ltr'>acies</span> <span class='ocrx_word' id='word_1_171' title='bbox 929 2082 1154 2135; x_wconf 82' lang='lat' dir='ltr'>trepidique</span> <span class='ocrx_word' id='word_1_172' title='bbox 1170 2081 1403 2134; x_wconf 75' lang='lat' dir='ltr'>elephantos</span> 
     </span>
     <span class='ocr_line' id='line_1_27' title="bbox 307 2155 1212 2209; baseline 0 -14"><span class='ocrx_word' id='word_1_173' title='bbox 307 2157 350 2195; x_wconf 86' lang='lat' dir='ltr'>In</span> <span class='ocrx_word' id='word_1_174' title='bbox 371 2167 443 2197; x_wconf 80' lang='lat' dir='ltr'>sua</span> <span class='ocrx_word' id='word_1_175' title='bbox 462 2156 655 2209; x_wconf 60' lang='lat' dir='ltr'>praecipiti</span> <span class='ocrx_word' id='word_1_176' title='bbox 675 2156 882 2196; x_wconf 86' lang='lat' dir='ltr'>redierunt</span> <span class='ocrx_word' id='word_1_177' title='bbox 901 2155 1061 2208; x_wconf 78' lang='lat' dir='ltr'>agmina</span> <span class='ocrx_word' id='word_1_178' title='bbox 1080 2167 1212 2204; x_wconf 89' lang='lat' dir='ltr'>cursu,</span> 
     </span>
    </p>
   </div>
   <div class='ocr_carea' id='block_1_3' title="bbox 348 2270 1432 2599">
    <p class='ocr_par' dir='ltr' id='par_1_4' title="bbox 348 2270 1432 2482">
     <span class='ocr_line' id='line_1_28' title="bbox 350 2270 1346 2311; baseline -0.004 -8"><span class='ocrx_word' id='word_1_179' title='bbox 350 2273 427 2303; x_wconf 77' lang='lat'><strong>902.</strong></span> <span class='ocrx_word' id='word_1_180' title='bbox 448 2271 623 2305; x_wconf 80' lang='lat' dir='ltr'>Manebunt</span> <span class='ocrx_word' id='word_1_181' title='bbox 643 2273 676 2304; x_wconf 89' lang='lat' dir='ltr'>in</span> <span class='ocrx_word' id='word_1_182' title='bbox 697 2273 750 2304; x_wconf 86' lang='lat' dir='ltr'>ed.</span> <span class='ocrx_word' id='word_1_183' title='bbox 772 2273 863 2311; x_wconf 58' lang='lat' dir='ltr'>Bas„</span> <span class='ocrx_word' id='word_1_184' title='bbox 886 2271 1040 2304; x_wconf 81' lang='lat' dir='ltr'>tenebunt</span> <span class='ocrx_word' id='word_1_185' title='bbox 1061 2271 1093 2303; x_wconf 86' lang='lat' dir='ltr'>in</span> <span class='ocrx_word' id='word_1_186' title='bbox 1111 2270 1264 2303; x_wconf 84' lang='lat' dir='ltr'>omnibus</span> <span class='ocrx_word' id='word_1_187' title='bbox 1286 2279 1346 2301; x_wconf 82' lang='lat' dir='ltr'>ms.</span> 
     </span>
     <span class='ocr_line' id='line_1_29' title="bbox 348 2327 1432 2371; baseline -0.002 -12"><span class='ocrx_word' id='word_1_188' title='bbox 348 2330 425 2360; x_wconf 87' lang='grc'>906.</span> <span class='ocrx_word' id='word_1_189' title='bbox 445 2327 598 2371; x_wconf 81' lang='lat' dir='ltr'>Spectare</span> <span class='ocrx_word' id='word_1_190' title='bbox 618 2329 651 2361; x_wconf 88' lang='lat' dir='ltr'>in</span> <span class='ocrx_word' id='word_1_191' title='bbox 670 2330 722 2362; x_wconf 86' lang='lat' dir='ltr'>ed.</span> <span class='ocrx_word' id='word_1_192' title='bbox 752 2330 839 2367; x_wconf 78' lang='lat' dir='ltr'>Bas..</span> <span class='ocrx_word' id='word_1_193' title='bbox 862 2331 1003 2371; x_wconf 73' lang='lat' dir='ltr'>spectate</span> <span class='ocrx_word' id='word_1_194' title='bbox 1027 2328 1058 2360; x_wconf 91' lang='lat' dir='ltr'>in</span> <span class='ocrx_word' id='word_1_195' title='bbox 1080 2338 1141 2360; x_wconf 87' lang='lat' dir='ltr'>ms.</span> <span class='ocrx_word' id='word_1_196' title='bbox 1165 2331 1202 2367; x_wconf 93' lang='lat' dir='ltr'>A,</span> <span class='ocrx_word' id='word_1_197' title='bbox 1225 2328 1260 2366; x_wconf 81' lang='grc' dir='ltr'>Β,</span> <span class='ocrx_word' id='word_1_198' title='bbox 1283 2328 1317 2366; x_wconf 87' lang='lat' dir='ltr'>C,</span> <span class='ocrx_word' id='word_1_199' title='bbox 1341 2328 1376 2365; x_wconf 87' lang='lat' dir='ltr'>l),</span> <span class='ocrx_word' id='word_1_200' title='bbox 1400 2327 1432 2358; x_wconf 87' lang='lat' dir='ltr'>F.</span> 
     </span>
     <span class='ocr_line' id='line_1_30' title="bbox 349 2385 1351 2425; baseline -0.002 -8"><span class='ocrx_word' id='word_1_201' title='bbox 349 2387 428 2417; x_wconf 79' lang='grc'>913.</span> <span class='ocrx_word' id='word_1_202' title='bbox 449 2385 567 2419; x_wconf 79' lang='lat' dir='ltr'>Nostra</span> <span class='ocrx_word' id='word_1_203' title='bbox 586 2386 619 2418; x_wconf 86' lang='lat' dir='ltr'>in</span> <span class='ocrx_word' id='word_1_204' title='bbox 641 2388 694 2418; x_wconf 83' lang='lat' dir='ltr'>ed.</span> <span class='ocrx_word' id='word_1_205' title='bbox 716 2387 804 2425; x_wconf 58' lang='lat' dir='ltr'>Bas„</span> <span class='ocrx_word' id='word_1_206' title='bbox 826 2390 929 2418; x_wconf 79' lang='lat' dir='ltr'>vestra</span> <span class='ocrx_word' id='word_1_207' title='bbox 951 2387 982 2417; x_wconf 90' lang='lat' dir='ltr'>iu</span> <span class='ocrx_word' id='word_1_208' title='bbox 1006 2395 1064 2417; x_wconf 81' lang='lat' dir='ltr'>ms.</span> <span class='ocrx_word' id='word_1_209' title='bbox 1086 2387 1124 2423; x_wconf 91' lang='lat' dir='ltr'>A,</span> <span class='ocrx_word' id='word_1_210' title='bbox 1147 2386 1181 2424; x_wconf 71' lang='lat' dir='ltr'>n,</span> <span class='ocrx_word' id='word_1_211' title='bbox 1204 2387 1238 2423; x_wconf 75' lang='lat' dir='ltr'>C,</span> <span class='ocrx_word' id='word_1_212' title='bbox 1262 2386 1297 2423; x_wconf 86' lang='lat' dir='ltr'>D,</span> <span class='ocrx_word' id='word_1_213' title='bbox 1318 2386 1351 2415; x_wconf 99' lang='grc' dir='ltr'>Ε</span> 
     </span>
     <span class='ocr_line' id='line_1_31' title="bbox 352 2443 1313 2482; baseline 0.001 -9"><span class='ocrx_word' id='word_1_214' title='bbox 352 2445 429 2474; x_wconf 71' lang='grc' dir='ltr'>91ι.</span> <span class='ocrx_word' id='word_1_215' title='bbox 452 2443 550 2477; x_wconf 86' lang='lat' dir='ltr'>Nobis</span> <span class='ocrx_word' id='word_1_216' title='bbox 570 2444 601 2475; x_wconf 89' lang='lat' dir='ltr'>iu</span> <span class='ocrx_word' id='word_1_217' title='bbox 623 2445 675 2476; x_wconf 80' lang='lat' dir='ltr'>cd.</span> <span class='ocrx_word' id='word_1_218' title='bbox 694 2444 783 2482; x_wconf 56' lang='lat' dir='ltr'>Bas„</span> <span class='ocrx_word' id='word_1_219' title='bbox 804 2443 890 2475; x_wconf 78' lang='lat' dir='ltr'>vobis</span> <span class='ocrx_word' id='word_1_220' title='bbox 910 2443 941 2474; x_wconf 89' lang='lat' dir='ltr'>in</span> <span class='ocrx_word' id='word_1_221' title='bbox 960 2452 1022 2475; x_wconf 83' lang='lat' dir='ltr'>ms.</span> <span class='ocrx_word' id='word_1_222' title='bbox 1044 2444 1081 2482; x_wconf 92' lang='lat' dir='ltr'>A,</span> <span class='ocrx_word' id='word_1_223' title='bbox 1103 2443 1140 2482; x_wconf 81' lang='lat' dir='ltr'>B,</span> <span class='ocrx_word' id='word_1_224' title='bbox 1162 2443 1197 2482; x_wconf 83' lang='lat' dir='ltr'>C,</span> <span class='ocrx_word' id='word_1_225' title='bbox 1218 2444 1256 2482; x_wconf 92' lang='lat' dir='ltr'>D,</span> <span class='ocrx_word' id='word_1_226' title='bbox 1279 2444 1313 2474; x_wconf 91' lang='grc' dir='ltr'>Ε.</span> 
     </span>
    </p>

    <p class='ocr_par' dir='ltr' id='par_1_5' title="bbox 351 2499 1124 2543">
     <span class='ocr_line' id='line_1_32' title="bbox 351 2499 1124 2543; baseline -0.001 -11"><span class='ocrx_word' id='word_1_227' title='bbox 351 2501 428 2533; x_wconf 86' lang='grc'>919.</span> <span class='ocrx_word' id='word_1_228' title='bbox 451 2499 593 2543; x_wconf 70' lang='lat' dir='ltr'>Clangyor</span> <span class='ocrx_word' id='word_1_229' title='bbox 612 2511 670 2542; x_wconf 83' lang='lat' dir='ltr'>pro</span> <span class='ocrx_word' id='word_1_230' title='bbox 689 2502 813 2534; x_wconf 87' lang='lat' dir='ltr'>clamor</span> <span class='ocrx_word' id='word_1_231' title='bbox 833 2501 866 2532; x_wconf 88' lang='lat' dir='ltr'>in</span> <span class='ocrx_word' id='word_1_232' title='bbox 890 2510 950 2532; x_wconf 84' lang='lat' dir='ltr'>ms.</span> <span class='ocrx_word' id='word_1_233' title='bbox 974 2501 1009 2539; x_wconf 85' lang='lat' dir='ltr'>B,</span> <span class='ocrx_word' id='word_1_234' title='bbox 1031 2501 1066 2540; x_wconf 85' lang='lat' dir='ltr'>C,</span> <span class='ocrx_word' id='word_1_235' title='bbox 1088 2501 1124 2532; x_wconf 90' lang='lat' dir='ltr'>D.</span> 
     </span>
    </p>

    <p class='ocr_par' dir='ltr' id='par_1_6' title="bbox 353 2557 1227 2599">
     <span class='ocr_line' id='line_1_33' title="bbox 353 2557 1227 2599; baseline 0.001 -11"><span class='ocrx_word' id='word_1_236' title='bbox 353 2559 429 2589; x_wconf 75' lang='lat'><strong>921.</strong></span> <span class='ocrx_word' id='word_1_237' title='bbox 452 2557 627 2591; x_wconf 78' lang='lat' dir='ltr'>Ilorrisono</span> <span class='ocrx_word' id='word_1_238' title='bbox 649 2559 682 2591; x_wconf 88' lang='lat' dir='ltr'>in</span> <span class='ocrx_word' id='word_1_239' title='bbox 703 2559 756 2591; x_wconf 87' lang='lat' dir='ltr'>ed.</span> <span class='ocrx_word' id='word_1_240' title='bbox 772 2559 862 2598; x_wconf 64' lang='lat' dir='ltr'>Bas„</span> <span class='ocrx_word' id='word_1_241' title='bbox 882 2558 1033 2599; x_wconf 73' lang='lat' dir='ltr'>horrifico</span> <span class='ocrx_word' id='word_1_242' title='bbox 1054 2558 1086 2589; x_wconf 86' lang='lat' dir='ltr'>iu</span> <span class='ocrx_word' id='word_1_243' title='bbox 1107 2567 1168 2589; x_wconf 86' lang='lat' dir='ltr'>ms.</span> <span class='ocrx_word' id='word_1_244' title='bbox 1192 2558 1227 2589; x_wconf 88' lang='lat' dir='ltr'>A.</span> 
     </span>
    </p>
   </div>
  </div>
 </body>
</html>
