1865 2959
783 243 993 278 —105—

251 332 383 368 Donec
402 328 603 379 sejunctos
623 325 761 378 spatiis
777 325 966 378 largoque
991 337 1130 366 cruore

251 399 444 448 Defectos,
473 397 677 449 plagisque
696 409 835 449 graves
855 402 894 438 et
914 397 1098 437 cursibus
1122 397 1288 437 haustos
1450 399 1527 436 570

252 470 421 522 Impiger
441 469 592 509 alterno
613 468 835 520 Jugulasset
855 468 1021 509 vulnere
1041 468 1197 508 fratres.

252 542 290 581 Id
311 541 489 581 recolens
506 552 614 580 nunc
634 539 808 589 exultat;
832 541 1087 592 gaudentque
1106 540 1282 580 vicissim

249 612 437 653 Germani
455 612 503 651 ad
526 613 698 663 Superos
723 623 796 651 nec
816 611 944 651 inulto
965 611 1104 651 funere
1125 611 1254 651 missi.

249 683 457 736 Atquibus
477 682 691 735 imperium
707 682 834 722 virtus
851 695 896 723 ea
916 682 1084 723 contulit
1104 683 1206 723 ultro

248 756 515 796 Circumstant
532 766 746 794 memores.
769 754 845 795 Sed
867 753 962 806 quid
988 766 1058 806 per
1078 754 1232 806 singula
1254 757 1418 795 versor?
1452 757 1528 794 575

248 826 368 867 Millia
390 838 526 866 nonne
548 825 660 866 vides
682 825 903 877 spatiosum
926 825 1137 877 implentia
1152 825 1297 865 coelum
1314 827 1334 865 ἱ)

250 898 494 938 Publicolam
515 902 607 937 ante
629 896 728 937 alios
752 901 863 936 tanto
884 897 1123 949 cognomine
1139 897 1322 949 dignum,

249 969 484 1010 Praeclarum
506 969 651 1021 pietate
672 969 830 1018 ducem,
856 968 1075 1020 patriaeque
1096 970 1331 1020 parentem?
1361 984 1378 1005 »

248 1041 418 1081 Lumina
438 1040 592 1080 visendi
613 1039 782 1092 cupidus
802 1039 986 1080 flectebat
1013 1045 1051 1079 et
1075 1040 1217 1092 ingens

249 1113 405 1164 Agmen
425 1117 508 1153 erat
522 1113 653 1164 juxta,
677 1111 864 1152 stabilem
884 1124 963 1164 qua
983 1111 1109 1164 vergit
1129 1112 1177 1151 ad
1196 1113 1344 1152 Arcton
1451 1114 1528 1153 580

249 1186 413 1224 Lacteus
431 1184 656 1223 innumeris
678 1183 888 1223 redimitus
910 1183 1081 1224 circulus
1106 1183 1237 1223 astris.

250 1255 482 1308 Obstupuit,
499 1255 720 1308 quaeritque
742 1256 848 1294 viros
869 1260 907 1295 et
929 1255 1095 1295 nomina
1114 1260 1152 1295 et
1171 1260 1281 1296 actus
1307 1269 1315 1294 :

257 1343 274 1364 «
293 1330 389 1368 Care
406 1339 545 1379 nepos,
567 1327 599 1367 si
617 1332 759 1367 cuncta
780 1327 900 1367 velim
925 1328 1187 1368 memoranda
1211 1327 1357 1368 referre

250 1399 382 1439 Altera
398 1411 478 1438 nox
499 1399 673 1451 optanda
692 1399 763 1438 tibi
788 1404 863 1447 est,
888 1399 956 1438 ait.
979 1400 1123 1451 Aspice
1144 1404 1188 1439 ut
1208 1400 1339 1439 omnis

250 1470 370 1510 Stella
391 1471 493 1510 cadit.
511 1470 665 1523 pelago,
687 1470 911 1523 coelumque
930 1471 1160 1521 reflectitur,
1179 1476 1215 1511 et
1230 1473 1315 1524 J'am
1452 1473 1528 1511 585

250 1542 452 1582 Candidus
472 1554 622 1583 aurorae
633 1542 866 1583 meditantis
887 1555 1048 1594 surgere
1066 1543 1200 1583 vultus

253 1614 387 1653 Vibrat.
413 1620 452 1654 et
476 1616 556 1653 an
575 1616 659 1666 jann
681 1626 868 1654 somnum
897 1614 1014 1654 diluit
1048 1615 1168 1655 unda.
1195 1631 1212 1652 υ

248 1687 268 1725 J
274 1697 335 1725 an]
355 1692 465 1738 pater
485 1686 709 1734 admonuit,
728 1685 921 1737 fugientia
944 1685 1072 1726 sidera
1088 1692 1188 1727 nutu

249 1757 490 1807 Ostendens,
510 1757 715 1810 vetuitque
738 1769 870 1797 moras
898 1772 906 1796 z
943 1772 960 1794 «
982 1759 1064 1798 Hoc
1086 1770 1205 1799 nosse
1226 1760 1322 1800 satis
1341 1761 1392 1800 sit

250 1831 448 1869 Romanas
466 1829 539 1869 has
557 1841 645 1870 esse
666 1829 836 1879 animas,
860 1830 1008 1882 quibus
1025 1842 1106 1870 una
1122 1831 1281 1871 tuendae
1452 1834 1529 1873 590

249 1903 350 1941 Cura
369 1900 446 1941 fuit
465 1901 616 1953 patrife.
641 1901 801 1953 Proprio
823 1914 915 1954 pars
935 1913 1079 1954 magna
1098 1914 1237 1942 cruore

250 1971 399 2012 Diffuso
420 1972 493 2012 has
509 1972 622 2024 petiit
644 1972 773 2023 sedes,
798 1974 1021 2026 meritoque
1052 1974 1209 2014 eaducae

249 2043 426 2084 Praetulit
443 2048 633 2084 aeternam
651 2056 720 2097 per
739 2044 880 2085 acerba
905 2045 1080 2097 pericula
1098 2045 1241 2086 vitam.
1262 2062 1279 2083 »

294 2169 371 2201 569.
390 2168 432 2202 Se
451 2169 549 2201 victos
566 2169 597 2200 in
619 2170 670 2201 ed.
694 2170 782 2208 Bas„
802 2170 962 2210 sejunctos
980 2170 1012 2202 in
1031 2171 1183 2203 omnibus
1203 2181 1264 2204 ms.

295 2226 371 2256 573.
388 2224 454 2258 Nec
473 2226 576 2258 mullo
596 2226 628 2258 in
650 2227 701 2258 ed.
720 2227 810 2265 Bas..
831 2237 889 2259 nec
912 2227 1015 2259 inulto
1033 2228 1064 2259 in
1080 2238 1140 2259 ms.
1162 2229 1198 2265 B,
1222 2230 1257 2267 C,
1279 2230 1316 2267 D,
1338 2229 1374 2267 E,
1394 2231 1428 2261 F.

295 2284 371 2314 588.
397 2282 476 2314 Tum
495 2282 526 2313 in
547 2284 601 2314 ed.
623 2283 711 2320 Bas„
726 2284 799 2323 jam
819 2284 850 2315 in
872 2293 931 2314 mS.
955 2285 991 2322 A,
1012 2285 1047 2322 B,
1069 2285 1104 2323 C,
1125 2286 1163 2323 D,
1188 2285 1222 2316 F.

296 2341 370 2370 589.
394 2339 465 2371 Hoec
485 2339 518 2370 in
539 2341 590 2371 ed.
614 2341 702 2379 Bas„
725 2340 785 2372 hoc
808 2341 840 2371 in
861 2340 1011 2372 omnibus
1029 2350 1091 2372 ms.

296 2397 372 2427 592.
395 2395 504 2437 Effuso
524 2396 557 2427 in
577 2397 628 2428 ed.
651 2398 741 2435 Bas..
757 2397 873 2439 diffuso
896 2398 927 2428 in
948 2398 1100 2429 omnihus
1122 2408 1182 2430 ms.

298 2454 372 2484 593.
396 2451 535 2484 Pertulit
554 2452 586 2484 in
607 2454 658 2485 ed.
681 2454 770 2492 Bas„
787 2454 934 2495 proelulil
957 2454 989 2485 in
1011 2464 1075 2487 ms.
1093 2456 1131 2493 Α,
1152 2456 1184 2493 B,
1207 2456 1241 2494 C,
1263 2456 1301 2495 D,
1322 2457 1361 2488 E.
