1865 2959
821 265 1030 301 —310-

285 351 341 390 Ac
360 349 490 389 vicina
507 348 592 401 pari
612 348 738 401 spatio
760 353 947 389 contenta
967 349 1219 402 Hyacinthus

286 424 400 462 Lzeva
418 421 584 461 brevem
604 420 723 461 dabat
742 421 836 462 inde
857 421 978 472 viam,
1003 422 1035 461 si
1056 421 1241 463 fluctibus
1263 423 1437 464 Isthmos

286 492 453 532 Cederet
473 504 516 532 ac
535 491 685 544 gemini
707 491 823 532 linies
843 492 966 533 maris
989 492 1068 532 alta
1093 493 1326 534 Corinthus.

288 563 440 604 Inscius
470 563 653 616 exemplo
672 575 802 604 novus
816 564 881 604 hic
902 563 1069 605 fortasse
1089 565 1239 606 recenti

288 635 537 688 Supplicium
557 636 702 676 erroris
720 636 849 688 potuit
865 636 1049 676 timuisse
1068 637 1271 689 magister.

287 710 389 760 Ergo
410 707 728 760 gubernaculum
746 707 882 758 flectit,
900 709 1065 761 jamque
1090 721 1248 761 aequore
1268 709 1316 749 ab
1336 708 1413 749 alto

287 779 503 820 Littoream
525 779 714 820 Methona
731 780 884 830 vident,
908 780 975 819 uhi
994 779 1094 820 forte
1120 781 1327 834 Philippus

290 854 372 892 Rex
388 852 595 892 Macedum
618 851 747 892 fuerat
762 853 848 905 jam
869 852 1011 893 limine
1032 858 1170 905 captus
1192 853 1355 903 eodem;

289 924 462 977 Contigit
480 924 575 964 hinc
597 924 781 965 animum
802 924 1013 977 viduaeque
1036 925 1183 977 injuria
1201 924 1359 975 frontis,

289 999 338 1037 Et
358 996 470 1037 dolor
488 1001 608 1049 atque
628 996 734 1037 Itala}
754 997 963 1037 admonuit
982 997 1108 1037 locus.
1136 997 1204 1038 Ille
1224 998 1382 1050 paludis

290 1068 387 1109 Inde
408 1068 532 1108 maris
550 1067 628 1108 late
651 1069 834 1121 scopulos
856 1081 1046 1110 emensus
1062 1069 1197 1110 Achaei

289 1140 473 1180 Volvitur
493 1140 639 1180 eximio
665 1152 744 1193 qua
764 1141 929 1193 palmite
950 1140 1089 1181 fertilis
1109 1146 1238 1181 exstat

291 1212 489 1265 Angulus,
512 1216 631 1265 atque
651 1214 779 1253 Euros
805 1225 875 1253 seu
894 1213 1042 1253 Gnosia
1069 1213 1259 1266 prospicit
1281 1226 1375 1255 arva

292 1287 611 1338 Innumerasque
632 1296 741 1326 sacro
763 1297 920 1338 sparsas
940 1285 1034 1339 legit
1054 1298 1212 1339 aequore
1235 1291 1373 1337 terras,

293 1359 423 1410 Atque
443 1357 652 1411 Ephesum
675 1358 845 1399 festinus
866 1358 962 1409 adit,
982 1359 1167 1411 regisque
1193 1358 1363 1400 furentis

292 1430 448 1471 Excitat
465 1430 640 1471 admotis
666 1431 846 1472 ardentia
864 1436 1025 1484 pectora
1044 1431 1234 1471 flammis.

294 1505 425 1556 thue
452 1502 549 1544 alias
570 1502 657 1543 coeli
677 1504 809 1544 ventis
829 1503 1067 1556 urgentibus
1088 1515 1176 1544 oras

294 1579 482 1629 Occupat,
502 1575 711 1617 interdum
731 1576 908 1627 nivibus,
930 1576 998 1629 qui
1018 1576 1211 1629 grandine
1232 1580 1444 1628 postquam

294 1651 376 1690 Hos
394 1649 567 1690 vastavit
588 1660 718 1701 agros⁷
739 1649 806 1689 illo
829 1649 904 1690 ciet
930 1649 1025 1689 orbe
1044 1648 1236 1701 procellas

294 1721 553 1774 Ingeminans
570 1720 768 1774 longeque
786 1727 933 1762 tonans
957 1736 965 1761 ε
994 1722 1049 1761 sic
1068 1720 1209 1773 pulsus
1230 1720 1280 1760 ad
1299 1724 1411 1760 ortus

296 1793 416 1834 Italiae
443 1798 618 1834 vastator
637 1799 720 1834 erat
741 1806 843 1847 quos
873 1794 939 1834 ille
960 1793 1160 1834 tumultus

295 1866 467 1917 Excivit,
495 1870 667 1920 quantas
692 1871 843 1919 strages
862 1866 968 1907 ferus
986 1878 1082 1907 ense
1101 1864 1281 1919 parabat,

343 2044 419 2074 333.
442 2042 500 2074 llic
520 2052 632 2074 versus
650 2044 743 2074 deest
763 2042 793 2073 in
812 2043 862 2074 ed.
887 2042 961 2073 Bas.

1492 569 1569 607 335

1494 928 1572 966 340

1498 1289 1575 1329 345

1501 1649 1578 1687 350

343 2100 422 2132 338.
444 2099 587 2132 Littorea
610 2099 770 2132 Methone&
790 2100 822 2131 in
843 2099 895 2131 ed.
925 2099 1014 2137 Bas„
1044 2097 1212 2129 littoream
1232 2096 1385 2130 Methana
1414 2097 1445 2128 in
1466 2106 1527 2129 ms.
1556 2098 1579 2128 Α

298 2157 411 2198 (corr.)
430 2159 461 2188 et
481 2156 513 2188 in
533 2156 604 2188 aliis
625 2166 686 2187 nis.

346 2216 421 2245 339.
444 2212 557 2246 Faciat
574 2214 606 2245 in
626 2215 678 2245 ed.
695 2214 786 2252 Bas„
803 2212 910 2253 fuerat
932 2213 964 2244 iu
984 2211 1136 2243 omnibus
1155 2221 1217 2243 ms.

345 2273 421 2302 340.
443 2271 501 2303 Hic
520 2272 553 2302 in
569 2272 620 2303 ed.
640 2272 730 2309 Bas,
749 2271 824 2302 hinc
844 2270 876 2301 iu
898 2269 1049 2301 omuibus
1071 2278 1133 2300 ms.

344 2330 421 2360 341.
440 2328 615 2360 Domuit...
639 2329 705 2360 illic
725 2328 756 2359 iu
774 2329 826 2360 ed.
844 2328 932 2365 Bas„
951 2325 1166 2358 admonuit...
1189 2325 1244 2358 ille
1269 2325 1302 2357 in
1322 2325 1473 2357 omuibus
1496 2335 1556 2357 ms.

344 2387 420 2416 342.
441 2385 498 2416 Hic
519 2395 633 2418 versus
654 2387 747 2417 deest
766 2386 797 2416 in
820 2386 870 2417 ed.
893 2385 964 2415 uas.

345 2444 419 2473 345.
443 2443 697 2484 Innumerasque
713 2443 744 2473 iu
760 2452 821 2474 ms.
839 2443 875 2480 A,
896 2442 916 2471 E
933 2451 940 2479 ·,
958 2440 1030 2472 iude
1053 2440 1146 2477 alias,
1174 2439 1269 2471 lectio
1292 2439 1449 2480 posterior
1477 2449 1538 2470 ms.
1559 2440 1581 2470 A

299 2502 457 2532 translata
478 2500 509 2532 in
533 2510 593 2532 ms.
618 2501 653 2538 Β,
674 2502 708 2538 C,
733 2501 768 2531 D.

347 2559 421 2588 348.
440 2557 530 2591 AEoli
551 2557 582 2589 in
607 2558 662 2591 ed.
680 2558 767 2596 Bas„
788 2556 859 2589 coeli
880 2557 912 2588 in
932 2555 1084 2587 oniuihus
1101 2563 1162 2586 ms.
