1865 2959
803 241 1012 275 -3025—

271 325 447 372 Annosa‚
474 322 708 362 Hannibalis
731 323 905 363 multum
925 323 1147 364 fautoribus
1167 325 1312 377 impar.

270 397 366 434 Tros
387 406 521 434 secum
542 394 710 434 comites
736 395 819 434 Itali
840 407 985 434 venere
1006 396 1127 435 secuti

269 466 437 506 Romani
458 465 569 505 ducis
590 465 820 517 imperium,
844 466 913 505 sed
932 466 1124 506 Lentulus
1144 479 1245 519 {eger

269 537 497 577 Ambitione
517 549 588 577 sua
606 537 754 589 legatos
775 538 901 577 arcuit
921 537 1018 577 urbe
1035 552 1044 586 ;

268 611 368 649 Nam
392 608 485 648 belli
505 609 674 660 cupidus
693 609 832 649 consul
855 608 1031 661 fugiebat
1050 609 1266 651 honestum
1463 615 1539 652 690

270 680 378 720 Pacis
398 680 487 729 iter,
515 680 641 720 donec
664 680 767 720 victo
788 680 996 721 molimine
1016 681 1181 721 tandem

268 751 368 791 AEde
387 763 495 791 sacra
516 751 677 791 Bellona
700 757 832 803 patres
854 751 1068 804 hostesque
1086 752 1245 804 recepit.

268 825 481 874 Postquam
500 822 615 873 legati
635 823 753 874 pleno
774 823 962 863 introiere
988 828 1143 869 senatu,

265 893 448 945 Longaevi
468 893 594 933 multa
614 905 705 933 cum
729 895 938 945 majestate
962 894 1124 934 silentes

264 965 515 1017 Canitiesque
536 965 666 1016 gravis
683 965 818 1005 vultus
837 970 876 1005 et
894 965 991 1005 colla
1010 965 1168 1005 reflexis
1459 968 1536 1005 695

262 1036 448 1077 Crinibus
468 1047 665 1076 exornans
682 1037 783 1076 miro
812 1036 995 1088 squalore
1012 1036 1181 1077 refulsit.

262 1109 505 1147 Cunctorum
522 1118 683 1147 movere
704 1107 874 1156 animos,
895 1119 1004 1147 nunc
1024 1108 1131 1160 pacis
1148 1108 1296 1148 amicos

261 1179 427 1219 Venisse
447 1178 661 1229 affirmant,
683 1178 907 1230 animisque
930 1183 968 1218 et
988 1179 1151 1219 vocibus
1169 1180 1277 1219 illam

261 1252 444 1300 Orantes,
466 1262 574 1290 nunc
594 1262 685 1290 vera
705 1250 801 1302 peti.
824 1252 937 1290 Tunc
963 1251 1187 1291 Hasdrubal
1208 1253 1353 1292 Haedus

261 1321 425 1373 Incipit:
455 1335 472 1357 «
491 1321 640 1361 Erratis
658 1321 818 1361 veniam
840 1322 872 1361 si
891 1322 1061 1362 numina
1077 1334 1290 1375 nunquam
1452 1326 1531 1363 700

260 1396 429 1433 Exorata
448 1398 609 1444 negant,
633 1405 723 1445 spes
742 1405 806 1433 me
828 1398 937 1434 tenet
955 1394 1121 1446 optima,
1148 1397 1283 1434 Patres

259 1464 492 1516 Conscripti,
515 1464 676 1515 Superis
697 1476 796 1516 quos
816 1464 920 1504 fama
938 1465 1169 1517 potentibus
1188 1471 1317 1518 aequat

258 1538 307 1576 Et
326 1536 471 1588 pietate
491 1547 606 1587 pares
628 1534 753 1575 fateor
776 1550 783 1575 :
805 1536 902 1575 mihi
923 1536 1028 1577 fessa
1049 1542 1231 1578 senectus

255 1607 503 1660 (Iampridem
524 1608 708 1659 attulerat
729 1608 855 1660 longae
873 1607 1032 1648 fastidia
1053 1609 1143 1649 vitae
1161 1623 1170 1659 3

257 1679 455 1731 Praecipue
472 1684 681 1732 postquam
705 1680 904 1732 egregium
926 1692 1030 1720 nova
1048 1681 1151 1721 bella
1178 1686 1378 1734 petentem
1452 1684 1529 1721 705

255 1750 453 1803 Conspexi
470 1752 677 1802 Juvenem‚
702 1751 833 1798 timui,
860 1764 1054 1804 casusque
1072 1752 1229 1793 futuros

255 1825 358 1862 Ante
376 1822 442 1861 diu
462 1822 619 1874 agnovi,
641 1822 787 1874 linguae
818 1824 886 1863 sed
905 1823 1006 1864 forte
1026 1824 1199 1876 peperci,

254 1893 449 1933 Auttacui
470 1898 670 1942 metuens,
691 1893 760 1933 sed
780 1893 889 1933 enim
909 1906 974 1935 me
996 1895 1119 1935 serior
1140 1901 1234 1935 aetas

253 1965 413 2004 Fecerat
436 1964 641 2014 audacem,
663 1965 775 2004 testis
800 1965 900 2004 mihi
920 1966 1103 2018 Juppiter
1124 1973 1207 2007 esto

255 2035 521 2088 Coelicolaeque
538 2036 618 2087 alii,
641 2037 755 2076 testis
772 2037 872 2076 mihi
890 2038 1064 2077 maxima
1083 2039 1287 2091 quondam
1451 2043 1527 2079 710

254 2106 462 2158 Carthago.
490 2109 575 2147 Huc
597 2107 717 2147 etiam
738 2108 897 2148 solitam
916 2111 1198 2151 transcendere
1217 2110 1365 2151 famam

296 2287 371 2317 693.
394 2285 508 2319 Laetatz·
528 2287 561 2319 in
580 2288 632 2320 ed.
649 2289 737 2327 Bas.‚
759 2289 858 2330 legati
877 2289 910 2321 in
931 2289 1081 2322 omnibus
1102 2300 1165 2323 ms.

295 2345 371 2374 695.
393 2342 508 2376 Graves
528 2344 559 2375 in
580 2346 631 2376 ed.
653 2346 742 2384 Bas.‚
763 2346 869 2387 yravis
890 2346 922 2377 in
944 2356 1004 2378 ms.
1026 2348 1049 2378 A
1067 2347 1192 2387 (corn),
1214 2348 1250 2386 B,
1271 2348 1306 2386 C,
1327 2349 1364 2379 D.

294 2400 369 2431 705.
392 2399 568 2433 Parantem
596 2401 629 2432 in
656 2402 710 2433 ed.
733 2403 1003 2444 Bas.,pelentem
1038 2403 1070 2434 in
1098 2404 1250 2436 omnibus
1281 2414 1341 2437 ms.
1370 2405 1521 2437 Insanum

249 2457 359 2498 (corr.)
381 2457 413 2488 in
434 2466 498 2489 ms.
519 2459 542 2490 A
563 2467 620 2498 pro
639 2459 804 2500 e‘qreqium

296 2514 371 2545 706.
394 2512 513 2556 Aspeoei
535 2514 568 2546 in
584 2515 635 2546 ed.
656 2516 742 2553 Bas.‚
763 2517 916 2558 compesci
936 2518 968 2549 in
990 2527 1050 2549 ms.
1074 2518 1109 2555 Α,
1134 2519 1168 2555 Β,
1189 2518 1223 2557 C,
1242 2519 1280 2557 Ι),
1302 2520 1337 2550 F.
