1865 2959
792 182 907 217 -39
939 203 977 207 -

364 266 539 303 Caesaries
556 266 766 312 spargenda
785 265 856 301 levi
874 265 1060 312 pendebat
1082 266 1126 301 ab
1149 277 1241 301 aura

364 326 463 360 Colla
480 335 593 370 super
611 327 711 359 recto
730 335 812 371 quae
830 324 967 360 sensim
987 326 1104 360 lactea
1122 327 1241 360 tractu

364 384 585 430 Surgebant,
604 384 856 430 humerosque
876 384 990 430 agiles
1008 384 1123 419 effusa
1142 385 1306 431 regebat.

367 469 1253 480 ···············

363 504 520 539 Lumina
539 503 630 549 quid
650 503 811 538 referam
828 503 1015 549 praeclarae
1035 503 1181 538 subdita
1200 503 1313 539 fronti

362 563 543 599 Invidiam
564 565 713 598 motura
733 562 824 609 deis,
848 563 973 598 divina
993 562 1094 609 quod
1113 563 1183 597 illis

362 623 423 657 Vis
443 623 576 667 inerat,
596 622 820 669 radiansque
838 622 948 658 decor
964 623 1030 669 qui
1044 625 1193 669 pectora
1212 625 1333 669 posset

362 683 523 718 Flectere
543 693 617 729 quo
636 682 724 717 velit
730 708 801 717 .....

246 777 258 780 ”
304 778 429 822 illam
447 778 742 836 Sophonisbae
758 778 1146 836 pulchritudinem
1164 791 1306 836 quum
1325 789 1432 821 sane
1454 777 1520 821 lu-

243 855 464 899 culentius
492 854 777 907 describeret,
804 858 900 897 tum
925 855 1099 907 Laurse,
1131 855 1258 913 cujus
1286 867 1517 910 nunquam

243 947 409 977 nomen
451 932 601 975 latinis
638 932 684 975 in
722 932 933 990 operibus
978 932 1186 990 scripsit,
1226 932 1512 983 meminerat,

242 1010 367 1068 quasi
401 1010 566 1053 amoris
588 1009 656 1053 sui
674 1009 955 1062 memoriam,
989 1009 1062 1054 vel
1082 1009 1128 1052 in
1148 1008 1323 1053 erudito
1344 1008 1512 1061 labore,

241 1087 500 1131 curavisset.
524 1087 628 1131 Haec
661 1090 753 1130 tota
777 1086 941 1131 deinde
969 1086 1179 1138 narratio,
1204 1086 1280 1130 ubi
1306 1085 1423 1130 Afrae
1445 1099 1515 1130 re-

241 1166 358 1224 ginae
388 1179 518 1209 casus
544 1164 830 1216 evolvuntur,
870 1165 996 1208 molli
1031 1164 1215 1222 quidem
1246 1167 1290 1209 et
1327 1164 1515 1208 remisso

241 1243 417 1287 dicendi
444 1255 608 1301 genere
633 1245 829 1300 przestat.
854 1242 981 1285 Tales
1013 1246 1057 1286 et
1085 1241 1205 1285 illius
1236 1255 1386 1286 mores
1416 1241 1515 1300 pin-

240 1324 422 1380 guntur,
453 1320 608 1377 quales
645 1333 878 1377 nunquam
907 1320 1106 1364 Catullus
1137 1319 1379 1364 Ovidiusve
1412 1318 1515 1364 des-

240 1399 467 1457 cripsisset
489 1397 553 1444 (1).

299 1476 424 1520 Idem
469 1475 714 1533 Capitolino
762 1474 992 1533 triumpho
1043 1475 1186 1519 elatus
1229 1473 1516 1518 Florentinus

238 1558 378 1606 vates,
408 1554 738 1610 immaturaque
759 1552 899 1611 gloria
931 1565 1086 1604 ovans,
1117 1550 1239 1595 haud
1260 1551 1392 1610 plane
1414 1551 1512 1595 Vir-

240 1632 415 1691 gilianis
435 1630 773 1676 inventionibus
791 1629 976 1689 indigna
995 1630 1183 1688 effingit,
1205 1633 1254 1674 ut
1272 1629 1347 1687 qui
1365 1632 1514 1675 narret

237 1711 282 1754 in
316 1709 488 1753 Italiam
522 1709 740 1753 victorem
773 1708 918 1753 redire
943 1708 1227 1760 Africanum,
1269 1711 1313 1752 et
1342 1708 1460 1752 celsa
1490 1721 1514 1753 e

237 1787 374 1846 puppi
402 1800 500 1831 eam
539 1789 711 1844 partem
745 1785 846 1830 coeli
879 1789 1105 1844 spectare,
1146 1784 1267 1830 uude
1297 1799 1403 1829 mox
1434 1798 1511 1843 pa-

238 1865 373 1909 trium
395 1878 677 1908 emersurum
694 1864 751 1907 sit
766 1864 891 1907 littus
902 1879 913 1915 ;
935 1865 1005 1907 cui
1018 1863 1251 1922 proximus
1272 1862 1514 1907 meditatur

238 1943 408 1986 Ennius
443 1944 574 2000 poeta
613 1940 681 1994 (2);
724 1940 779 1985 ad
822 1940 1097 1998 colloquium
1133 1940 1372 1993 invitatuS,
1413 1952 1513 1985 sese

281 2116 326 2156 (1)
345 2117 456 2148 Talem
478 2116 580 2148 fuisse
600 2116 839 2156 Sophonisbam
863 2125 950 2154 reor,
972 2116 1047 2147 dum
1075 2115 1298 2147 Massinissam
1321 2114 1407 2155 cepit
1430 2114 1512 2146 victa

237 2172 407 2209 victorem,
429 2174 514 2213 quod
535 2173 565 2204 iu
588 2173 695 2205 Africa
721 2173 799 2204 olim
821 2175 949 2214 gestum
974 2181 1060 2203 nunc
1090 2172 1120 2203 in
1143 2169 1260 2212 Africae
1281 2174 1401 2204 noslrae
1421 2171 1511 2203 libris

236 2230 406 2270 patheticae
431 2230 574 2261 materiae
595 2230 845 2261 fundamentum
864 2233 925 2261 est.
945 2228 1052 2268 (Fam.
1072 2236 1166 2266 xvnl,
1188 2229 1236 2270 7.)

279 2285 323 2326 42)
360 2286 463 2316 lussit
480 2285 652 2325 (amicitia)
671 2289 702 2316 et
721 2288 755 2316 ut
775 2289 884 2316 nostro
902 2285 993 2316 rudis
1013 2285 1135 2317 Ennius
1153 2285 1208 2317 ille
1228 2285 1372 2326 placeret

366 2342 539 2382 Scipiadae,
559 2342 592 2373 in
610 2345 736 2382 partem
755 2342 840 2373 lauri
859 2345 1015 2373 venturus
1035 2342 1168 2382 opiinae‚

367 2399 404 2430 Et
424 2399 495 2431 vitae
518 2398 699 2439 mortisque
719 2408 844 2437 comeS‚
867 2402 1045 2439 custosque
1066 2398 1220 2439 sepulcri.

630 2454 706 2497 (Ep.
727 2458 822 2488 metr.
841 2463 851 2487 1
873 2454 1019 2489 Gabrieli
1038 2454 1198 2488 Zamoreo
1219 2455 1416 2494 Parmensi.)
