1865 2959
845 205 1052 240 —122—

310 293 505 343 Perpetuo
531 290 671 330 durata
690 289 807 342 gelu?
833 289 1072 331 Prohibetur
1090 290 1138 331 ab
1159 290 1226 331 illa

309 363 437 416 Stirps
459 362 674 403 hominum
693 361 854 415 regione
871 362 1009 415 procul
1028 377 1036 412 ;
1064 362 1121 402 nil
1143 363 1320 404 nascitur
1335 363 1416 404 illic

309 436 421 485 Quod
440 435 592 475 victum
616 439 804 487 praestare
824 440 964 488 queat,
988 447 1067 487 qua
1088 435 1229 475 semita
1251 435 1345 476 solis

308 508 455 558 Latior‚
477 507 744 563 Obliquusque
764 507 874 559 vagis
894 512 932 548 et
951 507 1122 548 circulus
1143 508 1275 548 astris.

310 580 470 633 Ignibus
495 592 587 621 arva
604 579 764 630 rubent,
790 579 1029 632 mediusque
1050 584 1243 620 exaestuat
1257 580 1400 633 ingens
1510 582 1587 621 375

308 656 474 703 Pontus,
497 658 536 694 et
561 653 743 693 ardorem
765 652 851 693 coeli
870 652 974 692 male
994 657 1193 705 temperat
1213 652 1360 693 humor

308 725 516 766 Subditus.
536 727 622 766 Huc
648 725 744 765 olim
763 724 935 777 Argolici
959 724 1109 765 finxere
1124 729 1252 777 poetae

307 798 551 838 Convenisse
569 799 671 838 Deos
695 801 873 850 potuque
896 795 1065 849 ciboque
1086 795 1256 837 refectos

306 870 544 923 AEthiopum
563 881 654 910 cum
676 881 767 922 rege
796 869 926 921 gravis
946 868 1109 909 duxisse
1131 868 1205 908 sub
1231 867 1375 909 umbra

305 943 478 984 Atlantis
498 942 694 995 placidam
713 941 928 994 tranquillo
953 941 1123 982 numine
1142 945 1319 982 noctem.
1509 943 1586 982 380

305 1015 418 1064 Quod
438 1014 575 1055 fictum
592 1018 652 1055 est
671 1014 778 1065 ideo,
794 1014 886 1067 quia
901 1013 1070 1054 numina
1093 1025 1239 1066 magna
1253 1013 1448 1066 putabant

305 1087 457 1135 Sidera,
481 1099 569 1140 quae
584 1086 748 1140 liquidis
767 1086 944 1139 primum
963 1090 1182 1126 vescuntur
1198 1086 1241 1125 in
1268 1086 1387 1126 undis

305 1159 540 1212 AEthiopum
562 1170 661 1212 quas
679 1159 793 1199 littus
813 1158 934 1199 babet
952 1172 961 1208 3
984 1169 1079 1198 mox
1096 1157 1201 1198 fessa
1219 1158 1409 1198 videntur

304 1233 476 1284 Vergere
497 1231 546 1272 ad
567 1243 729 1272 occasus
748 1231 815 1272 ubi
836 1231 1037 1271 maximus
1056 1230 1206 1271 eminet
1226 1230 1353 1271 Atlas.

303 1303 452 1343 Ultima
471 1308 670 1343 terrarum
699 1303 768 1356 qui
782 1302 961 1356 possidet
980 1302 1046 1342 ille
1073 1307 1236 1355 paratus
1505 1306 1583 1344 385

301 1375 461 1427 Excipit
479 1387 523 1416 ac
543 1386 688 1427 magno
709 1374 912 1415 venientia
934 1373 1109 1425 contegit
1129 1377 1260 1414 antro.

300 1448 379 1489 Sed
397 1447 516 1488 redeo
541 1461 548 1487 :
573 1447 750 1487 mediam
774 1446 945 1487 vetitum
962 1451 1021 1487 est
1042 1446 1236 1498 attingere
1257 1457 1398 1486 zonam

300 1519 479 1561 AEtheris
497 1533 506 1570 3
527 1519 622 1559 binc
643 1519 792 1560 etenim
808 1530 879 1559 vos
902 1518 1161 1559 inclementia
1176 1518 1293 1570 longe

300 1591 536 1642 Submovet,
559 1603 602 1632 ac
623 1591 771 1631 circum
787 1590 962 1631 flammis
984 1590 1182 1643 permixta
1202 1595 1414 1642 tepescunt

303 1663 464 1716 Frigora
482 1677 490 1713 ;
519 1663 574 1704 sic
594 1664 753 1716 gemina
772 1662 961 1703 mortales
979 1663 1072 1703 sede
1096 1662 1302 1703 fruuntur.
1508 1664 1585 1701 390

303 1735 438 1776 Altera
458 1735 527 1775 sed
548 1735 662 1776 vobis
682 1740 742 1775 est.
757 1735 867 1775 invia
884 1749 894 1784 3
919 1740 1074 1787 separat
1094 1734 1204 1775 illam

303 1808 351 1846 Et
372 1806 478 1847 calor
498 1812 536 1847 et
558 1807 736 1860 pelagus.
760 1806 887 1847 Statio
913 1812 1073 1847 tantum
1092 1807 1210 1847 unica
1229 1811 1353 1847 restat

306 1880 446 1929 Parva,
474 1879 543 1919 sed
564 1879 648 1920 haec
668 1883 779 1920 vasto
801 1879 922 1920 nimis
948 1879 1173 1932 interrupta
1189 1879 1367 1920 locorum

346 2037 423 2068 372.
447 2036 623 2069 Hominum
638 2036 796 2070 omittitur
813 2037 845 2069 in
863 2039 915 2069 ed.
937 2038 1026 2077 Bas„
1047 2037 1125 2070 licet
1145 2037 1177 2069 in
1198 2036 1348 2070 omnibus
1369 2046 1429 2069 ms.

346 2095 422 2125 374.
445 2092 583 2127 circulis
601 2094 633 2125 in
655 2095 705 2126 ed.
729 2095 817 2134 Bas„
838 2095 978 2127 circulus
995 2095 1029 2126 in
1051 2094 1203 2127 omnibus
1224 2104 1286 2127 ms·

348 2152 424 2182 376.
451 2150 568 2184 Ventus
582 2161 638 2192 pro
653 2154 773 2194 pontus
793 2152 824 2183 in
846 2162 907 2184 ms.
930 2153 966 2191 B,
985 2152 1019 2192 C,
1042 2153 1079 2184 D.

349 2209 425 2240 377.
448 2207 552 2240 Prisci
573 2208 605 2240 in
623 2209 675 2240 ed.
697 2209 786 2247 Bas.‚
807 2207 949 2251 Arqolici
970 2209 1003 2240 in
1024 2218 1086 2240 ms.
1110 2210 1146 2245 Α,
1168 2209 1204 2245 Ε.
1226 2209 1259 2239 F.

349 2266 425 2296 380.
448 2265 482 2296 ln
503 2274 563 2297 ms.
583 2265 605 2296 B
623 2268 656 2297 et
671 2266 694 2296 D
712 2268 823 2298 sancto
844 2275 917 2298 cum
938 2275 995 2306 pro
1015 2266 1205 2307 tranquillo.
1229 2265 1263 2296 ln
1284 2275 1346 2297 ms.
1368 2265 1390 2296 C
1409 2265 1586 2306 tranquillo

303 2323 407 2354 deest.

349 2380 425 2410 389.
447 2377 642 2411 submoveat
661 2379 694 2410 in
715 2379 767 2411 ed.
787 2379 875 2416 Bas.‚
897 2378 1060 2412 submovet
1082 2379 1115 2411 in
1137 2379 1288 2412 omnibus
1305 2388 1381 2417 ms.;
1401 2379 1533 2422 tepescit
1553 2379 1584 2410 in

301 2436 354 2468 ed.
377 2436 465 2474 Bas„
485 2438 649 2477 tepescunt
670 2436 703 2467 in
724 2436 875 2468 omnibus
894 2446 944 2468 ms
965 2447 974 2476 3
996 2440 1028 2469 at
1049 2446 1107 2478 pro
1124 2447 1161 2469 ac
1180 2437 1213 2469 in
1234 2446 1295 2468 ms.
1317 2437 1353 2475 E,
1372 2437 1408 2468 F.

350 2494 425 2524 393.
454 2491 575 2525 Tamen
597 2503 654 2534 pro
675 2494 773 2526 nimis
791 2494 822 2525 in
841 2503 904 2526 ms.
925 2495 960 2533 C,
982 2495 1018 2525 D.
