1865 2959
870 263 1032 295 —8—

310 348 459 407 gentia
491 347 775 405 perdidisset.
813 347 942 390 Hune
976 350 1127 390 autern
1157 348 1387 389 memento
1410 358 1589 389 carmen

308 425 626 469 abseonditum
652 424 891 482 diligenter
907 437 1125 475 servasse,
1151 423 1278 480 quasi
1295 423 1510 480 juvenilis
1527 423 1591 465 fa-

310 518 396 548 mee
414 503 723 547 testimonium
742 518 752 554 ;
781 506 824 546 et
842 503 917 560 qui
937 501 1061 545 brevi
1083 502 1252 545 veritus
1271 506 1339 544 est
1357 515 1413 545 ne
1429 514 1591 544 manus

310 582 474 626 amicas
501 581 636 624 etiam
669 579 844 624 adirent
875 579 1026 622 infecti
1060 592 1233 631 versus,
1256 578 1455 637 profecto
1483 579 1591 636 quin

310 660 356 703 in
383 672 546 702 manus
566 657 734 701 alienas
755 657 940 701 fortuito
968 656 1195 709 cuderent,
1220 656 1415 699 maxime
1435 656 1590 700 formi-

311 737 462 781 dabat.

370 815 452 859 Vix
479 818 548 859 est
571 814 707 858 etiam
729 812 1010 857 eredendum
1028 813 1257 870 integrum
1288 825 1484 863 carmen,
1510 812 1589 855 Pe—

311 893 486 938 trarcha
500 895 694 943 mortuo,
721 892 869 936 solute
884 895 928 935 et
949 904 1002 934 ex
1023 895 1147 949 parte
1169 894 1344 933 tantum
1363 889 1417 932 al)
1440 890 1593 933 amieis

309 973 407 1031 ejus
434 984 534 1015 esse
553 970 886 1028 transcriptum.
910 969 990 1020 Qui
1009 969 1177 1013 etenim
1195 967 1448 1026 cupidiores
1468 971 1595 1011 erant

310 1049 456 1108 operis
482 1047 679 1107 legendi,
703 1048 889 1106 insuper
911 1046 1237 1091 Petrarehianae
1255 1045 1400 1089 laudis
1419 1045 1592 1089 studio-

311 1128 466 1179 siores,
503 1140 641 1185 quam
671 1127 746 1185 qui
782 1125 949 1184 aliquid
978 1125 1023 1168 in
1051 1128 1203 1179 Africa
1229 1123 1482 1182 colligenda
1513 1137 1593 1167 ne-

310 1206 571 1265 glexissent.
597 1205 685 1263 Ipsi
703 1205 797 1263 jam
827 1203 1243 1247 animadverterunt
1273 1202 1319 1245 in
1349 1201 1592 1260 exemplari

310 1284 458 1342 aliqua
485 1283 643 1328 deesse
663 1297 764 1341 quae
782 1295 1018 1339 nunquam
1036 1285 1193 1339 postea
1211 1283 1385 1338 reperta
1412 1284 1533 1323 sunt.

370 1361 557 1420 Propius
592 1364 660 1405 est
689 1360 828 1404 fidem
858 1373 883 1403 a
923 1363 1056 1418 poeta
1089 1362 1282 1416 quatuor
1324 1357 1463 1401 libros
1500 1358 1596 1402 sine

311 1453 465 1492 mora,
509 1439 681 1497 impetu
715 1438 913 1497 quodum
947 1437 1132 1496 ingenii,
1175 1450 1274 1480 esse
1314 1436 1562 1480 delineatos
1581 1451 1592 1487 ;

313 1518 443 1570 dein,
484 1517 662 1561 duobus
695 1517 940 1575 interjectis
980 1516 1138 1567 annis,
1177 1515 1374 1573 quinque
1407 1514 1517 1558 alios
1549 1513 1595 1556 in

313 1597 423 1641 silva
456 1596 590 1640 Plana
622 1595 828 1640 redactos
863 1608 978 1639 esse.
1016 1596 1192 1638 Partem
1219 1598 1370 1638 autem
1400 1592 1597 1637 mediam

310 1678 436 1720 vates
457 1675 502 1718 in
520 1673 641 1718 aliud
665 1677 846 1732 tempus
866 1672 1170 1731 peragendam
1199 1671 1388 1719 distulit,
1415 1675 1458 1715 et
1490 1684 1595 1713 mox

313 1767 426 1812 opus
445 1757 601 1807 totum,
622 1753 748 1811 eujus
765 1753 859 1810 jam
878 1751 1007 1794 illum
1032 1749 1241 1802 taedebat,
1259 1750 1304 1793 in
1323 1752 1593 1808 perpetuum

448 1923 622 1961 Postquam
645 1922 744 1952 Romu
766 1930 885 1951 novum
904 1920 978 1951 tulit
997 1921 1036 1951 ad
1059 1919 1218 1960 Capitolia
1238 1922 1359 1956 vatem,

447 2036 560 2067 Nescio
581 2036 658 2076 quid
681 2035 775 2067 tacita
795 2035 963 2066 insolitum
987 2035 1047 2065 sub
1070 2037 1179 2065 mente
1198 2034 1380 2065 movebam.

446 2092 631 2133 Obstupuit,
651 2093 809 2132 rediitque
830 2101 920 2132 vagae
943 2094 1034 2123 vetus
1055 2091 1164 2122 Africa
1182 2091 1284 2122 menti
1302 2100 1307 2120 :

448 2152 569 2181 Cretera
589 2150 756 2190 rejiciens,
777 2149 868 2190 operi
891 2159 961 2180 mea
982 2150 1094 2180 dextra
1114 2148 1225 2179 relicto

449 2207 630 2238 Redditur:
654 2207 730 2238 inde
744 2207 815 2238 loeo
838 2207 928 2237 locus
947 2206 998 2237 hic
1018 2205 1099 2236 mihi
1114 2205 1220 2235 carior
1240 2204 1327 2235 omni
1347 2214 1353 2234 :

448 2265 542 2296 Hune
563 2264 709 2296 revidere
729 2264 825 2296 velim
846 2263 942 2303 coepti
964 2262 1041 2294 mihi
1059 2262 1209 2294 conscius
1229 2261 1296 2298 alti,

449 2322 702 2361 Extremumque
724 2331 857 2352 manum
877 2322 973 2362 longo
995 2319 1192 2359 imposuisse
1212 2318 1327 2356 labori,

447 2381 548 2418 Quem
571 2378 666 2409 trnxit
687 2380 827 2410 Fortuna
845 2379 919 2415 ‹iiu3
947 2378 972 2408 si
990 2378 1101 2408 dextra
1124 2376 1279 2406 favebunt

450 2435 573 2469 Sidera.
593 2439 661 2465 tum
686 2436 816 2465 tundent
839 2435 974 2475 incipiet
996 2443 1111 2465 secura
1133 2433 1245 2473 vagari

449 2492 554 2523 Asi-ica
576 2502 633 2532 per
657 2493 783 2523 Latium
803 2493 909 2523 studio
933 2491 1084 2523 redimita
1104 2499 1271 2530 supremo,

452 2549 683 2589 Scipiadesque
706 2559 809 2580 [neus.
