1865 2959
865 213 910 220 —
935 194 1004 230 246
1034 214 1075 221 —-

330 277 493 319 Labitur
513 281 552 317 et
571 276 736 329 placidis
756 276 944 330 frangens
963 289 1072 318 mare
1090 277 1277 318 fluctibus
1297 280 1446 319 Arnus.

330 353 446 391 Hunc
467 361 586 402 supra
607 354 644 388 ot
663 349 769 401 ripas
790 354 899 390 tenet
919 350 1015 389 urbs
1037 350 1306 402 pulcherrima
1328 351 1454 400 Pisae3
1539 353 1616 391 870

330 424 441 462 Hanc
461 421 586 461 oculis
605 421 819 474 digitisque
836 427 976 462 notant
999 437 1007 471 ;
1032 423 1276 475 propiusque
1296 428 1509 475 patescunt

329 494 576 546 Etruriaeque
595 493 715 542 latus,
737 494 942 546 spatioque
961 494 1199 534 brevissima
1220 497 1395 547 Gorgon,

329 566 490 619 llvaque
511 566 696 615 nobilior,
719 566 938 618 rigidisque
959 567 1144 618 Capraria
1166 567 1273 607 saxis

331 637 479 687 Insula,
502 643 587 677 tuni
609 638 725 677 niveo
748 638 943 690 praedives
962 649 1160 678 marmore
1180 653 1188 687 3
1211 643 1316 678 retro

330 709 543 763 Linquitur
567 710 615 750 ad
634 709 776 750 laevam
802 710 965 760 Giiium,
986 710 1196 763 vicinaque
1216 717 1353 752 contra
1539 715 1564 753 8

332 784 558 835 StantJ'uga
579 783 627 823 de
648 783 808 835 gemino
830 795 980 823 nomen
1004 783 1142 823 sortita
1163 783 1337 824 metallo.

330 854 548 894 Plunibeus
569 854 634 894 hic
653 858 807 903 vertex,
832 854 898 894 illa
917 860 976 895 est
998 859 1185 907 argentea
1206 868 1341 908 rupes.

328 928 408 967 Nec
432 926 567 979 procul
593 926 776 966 Herculei
801 927 952 967 devexo
982 932 1120 967 monte
1146 939 1327 968 recessus

332 999 378 1037 Et
399 997 660 1037 Thelanionis
681 1009 797 1050 apex,
825 998 1039 1051 nautisque
1060 998 1244 1039 infestior
1263 1011 1377 1051 {equo

334 1071 483 1109 Parvus
504 1069 617 1122 aquis
642 1070 810 1121 propriis
831 1069 994 1110 violenti
1018 1071 1186 1122 gurgitis
1208 1070 1374 1110 Umbro.
1541 1074 1620 1112 880

334 1143 479 1182 Dextra
499 1141 569 1181 sed
590 1152 611 1180 a
634 1146 742 1193 tergo
768 1141 923 1181 ventosi
947 1140 1115 1182 frondea
1135 1147 1287 1182 tractus

332 1213 487 1254 Corsica
506 1213 693 1254 restabat.
717 1216 889 1266 Jamque
908 1214 1002 1254 hinc
1022 1215 1207 1256 Sardinia
1227 1215 1345 1267 longe

332 1284 529 1325 Tabificos
549 1286 675 1338 aperit
694 1286 829 1335 colles,
852 1286 947 1326 hinc
968 1298 1086 1326 aurea
1108 1288 1248 1336 Roma,

333 1359 458 1410 Inque
481 1358 698 1410 procelloso
720 1358 894 1398 Tibridis
917 1364 1023 1398 stant
1041 1359 1173 1399 littore
1193 1358 1342 1399 fauces.

333 1430 406 1470 Hic
427 1436 640 1482 postquam
661 1431 970 1483 medioJ'uvenis
996 1431 1105 1471 stetit
1129 1443 1288 1484 aequore
1310 1434 1472 1481 Poenus,
1543 1434 1620 1472 885

333 1503 523 1542 Vulneris
548 1503 777 1543 increscens
802 1503 914 1543 dolor
940 1508 977 1543 et
1005 1504 1154 1543 vicinia
1181 1504 1291 1543 durae

335 1575 472 1615 Mortis
492 1587 614 1626 agens
635 1575 811 1615 stimulis
832 1576 1066 1616 ardentibus
1087 1581 1200 1627 urget
1223 1575 1431 1616 anhelum.

334 1647 400 1688 Ille
421 1647 562 1687 videns
582 1647 749 1700 propius
770 1647 947 1699 supremi
972 1648 1162 1700 temporis
1183 1647 1326 1687 horam

333 1719 475 1772 Incipit
495 1733 503 1759 ε
532 1734 550 1756 (1
568 1721 654 1759 Heu
676 1719 805 1772 qualis
828 1719 997 1760 fortuna}
1016 1720 1215 1760 terminus
1236 1719 1314 1760 alte
1337 1724 1396 1759 est
1418 1720 1426 1758 1

335 1793 462 1841 Quam
481 1791 582 1831 laetis
605 1803 719 1831 niens
740 1803 840 1831 caeca
859 1791 975 1831 bonis
1000 1793 1008 1831 Ξ
1035 1790 1144 1831 furor
1163 1803 1251 1831 ecce
1271 1796 1483 1843 potentum
1541 1792 1621 1831 890

336 1864 530 1916 Praecipiti
555 1864 727 1916 gaudere
749 1863 832 1903 loco
851 1878 860 1913 ;
887 1870 1014 1904 status
1033 1864 1108 1903 iste
1128 1863 1311 1916 procellis

335 1935 521 1988 Subjacet
540 1935 782 1986 innumeris,
806 1941 844 1976 et
864 1935 955 1975 finis
975 1936 1024 1976 ad
1045 1935 1122 1975 alta
1145 1935 1287 1975 levatis

1568 717 1589 752 κΙ

1595 715 1618 752 υἱ

383 2140 459 2171 871.
479 2139 599 2172 Procul
617 2149 687 2173 ecce
708 2150 765 2182 pro
786 2141 983 2183 propiusque
1003 2141 1034 2173 in
1062 2151 1122 2172 ms.
1153 2141 1174 2171 E
1191 2150 1200 2179 ·‚
1220 2142 1335 2172 vorant
1366 2150 1422 2180 pro
1454 2144 1568 2173 notant
1590 2140 1621 2172 in

338 2206 401 2228 ms.
422 2197 458 2235 P»,
477 2198 512 2234 C,
534 2198 570 2228 D.

382 2254 460 2284 873.
479 2252 579 2296 Sylva
598 2254 629 2285 in
650 2255 702 2286 ed.
721 2255 792 2286 Bas.
815 2258 846 2287 et
866 2255 897 2286 in
921 2265 981 2287 ms.
1006 2257 1043 2293 Α,
1065 2264 1150 2286 corr.
1174 2254 1207 2286 in
1226 2254 1291 2286 Ilva
1311 2254 1466 2295 undique.

382 2311 458 2341 876.
480 2309 552 2343 Stat
571 2311 601 2341 in
625 2312 678 2343 cd.
698 2313 788 2349 Bas„
805 2316 892 2344 slont
914 2312 945 2343 in
969 2312 1118 2343 omnibus
1139 2321 1200 2343 ms.

383 2369 459 2399 879.
485 2366 568 2409 Opus
587 2379 642 2408 pro
664 2378 747 2410 apex>
767 2372 866 2400 'com
890 2370 1049 2409 postvrinr
1070 2369 1100 2400 in
1121 2370 1236 2400 eodem
1260 2367 1335 2409 ms.)
1359 2369 1388 2399 in
1409 2378 1468 2400 ins.
1496 2369 1530 2400 A.

385 2426 460 2455 884.
484 2424 626 2466 IIIneque
648 2426 679 2456 iu
699 2427 750 2455 ed.
778 2427 862 2462 Basa,
885 2426 979 2466 inque
1003 2427 1033 2456 111
1055 2427 1208 2457 omuibus
1230 2436 1290 2456 ius.

387 2483 462 2513 891.
483 2481 539 2514 Ille
559 2482 592 2514 iu
614 2484 666 2515 ed.
685 2483 771 2521 nus„
794 2485 853 2514 als-te
874 2483 906 2514 in
929 2484 1080 2514 omuibus
1102 2492 1161 2514 ni<-
