1865 2959
754 267 793 273 -
822 248 867 282 63
895 267 936 272 -

214 332 463 377 absolutam
489 331 711 382 aemulam
743 330 1100 387 memineratque
1134 341 1222 371 una
1254 328 1482 372 Maronem

213 411 364 454 amicis
402 423 580 454 carmen
615 422 747 452 suum
782 406 1145 452 comburendum
1178 405 1479 457 commisisse,

213 488 357 546 reipsa
376 490 526 531 autem
543 485 822 544 vulgandum
842 484 1075 541 reliquisse
1097 484 1160 530 (1).

272 566 446 615 Quaeret
477 564 627 608 forsan
647 563 806 621 aliquis
831 576 908 606 cur
937 561 1058 620 operi
1082 560 1217 605 modo
1236 560 1387 618 ignem
1408 563 1481 603 ut-

213 647 316 701 pote
338 642 460 686 inani
477 646 520 686 et
537 642 667 700 plane
686 641 895 686 derelicto
911 639 1185 692 admoveret,
1209 638 1330 683 idem
1346 637 1482 681 modo

214 724 305 763 tam
341 720 577 778 diligenter
621 722 831 764 servaret.
882 719 1015 776 Cujus
1051 717 1095 760 in
1137 719 1337 760 mentem
1377 729 1484 759 sano

212 798 353 841 multa
373 797 418 840 in
441 800 676 855 utramque
696 800 867 854 partem
887 794 1149 846 veniebant;
1170 797 1238 837 est
1261 794 1305 836 in
1327 796 1484 836 natura

213 889 362 919 rerum
385 879 434 918 ut
468 888 646 919 carmen
678 874 733 917 ab
759 873 898 917 oculis
921 872 1125 916 omnium
1151 871 1366 915 infectum
1399 870 1483 913 sci-

211 953 313 996 licet
340 955 573 1005 averteret,
599 964 746 1009 neque
768 951 919 994 minus
946 949 1102 993 sedulo
1129 948 1175 991 in
1208 961 1306 992 arca
1335 951 1482 991 tuere-

213 1034 284 1073 tur
303 1043 382 1087 pro
404 1029 662 1073 testimonio
681 1042 730 1072 ac
752 1029 938 1086 pignore
958 1027 1115 1086 priscae
1141 1025 1286 1070 laudis
1305 1029 1348 1070 et
1365 1024 1483 1083 Capi-

212 1107 337 1151 tolini
356 1106 587 1164 triumphi.

271 1183 552 1228 Credendum
587 1187 654 1228 est
686 1186 836 1227 autem
871 1183 992 1226 hunc
1017 1181 1062 1224 in
1098 1184 1327 1225 senectute
1356 1192 1483 1237 spem

211 1262 432 1320 poematis
467 1261 523 1304 ad
556 1261 726 1305 exitum
756 1259 1007 1304 deducendi
1040 1258 1224 1302 tandem
1261 1257 1479 1316 posuisse.

211 1340 273 1383 De
299 1353 386 1396 quo
413 1339 458 1381 in
482 1341 701 1382 Sena'lz'bchs
723 1338 814 1382 fere
836 1337 1035 1394 undique
1059 1340 1173 1380 tacet
1195 1352 1203 1378 ;
1241 1335 1337 1379 haec
1356 1335 1481 1392 quasi

211 1418 379 1461 invitus
414 1417 614 1461 Boccatio
648 1416 829 1460 scribit:
869 1434 890 1456 «
920 1415 1065 1458 Africa
1099 1428 1213 1467 mea,
1245 1427 1344 1471 qua}
1376 1416 1483 1456 tunc

215 1495 439 1553 »juvenis
475 1495 622 1539 notior
655 1496 748 1553 J'am
783 1494 1085 1550 famosiorque
1120 1506 1255 1550 quam
1290 1491 1477 1542 vellem,

214 1591 235 1612 »
264 1572 379 1616 curis
418 1575 571 1630 postea
606 1572 760 1615 multis
799 1584 848 1615 ac
885 1570 1095 1629 gravibus
1133 1582 1285 1627 pressa
1320 1581 1478 1612 consc-

254 1728 299 1770 (1)
319 1729 396 1759 Cum
417 1729 517 1759 semel
541 1729 675 1759 Verona}
698 1730 803 1766 esset,
828 1730 858 1759 ct
886 1737 959 1759 cum
990 1728 1027 1758 {ld
1050 1726 1224 1758 videndum
1256 1726 1360 1766 ipsum
1389 1723 1481 1756 mulii

211 1785 443 1825 processissent
462 1785 520 1816 viri
527 1809 592 1816 .....
612 1785 757 1816 carmina
778 1793 846 1816 sure
871 1784 986 1815 Africae
1009 1787 1139 1815 cantare
1165 1786 1356 1823 coepcrunt3
1381 1782 1481 1822 proti-

210 1852 279 1874 mus
298 1852 370 1874 cum
397 1842 520 1873 audivit
548 1843 704 1883 lacrymas
733 1841 861 1879 emisit,
883 1851 1001 1882 rogans
1029 1851 1067 1872 ne
1096 1840 1232 1871 ulterius
1251 1840 1479 1880 procederent.

210 1899 288 1930 Cum
316 1901 592 1938 percunctaretur,
625 1908 724 1938 quare
753 1898 784 1929 id
815 1898 959 1935 faceret,
993 1897 1186 1937 respondit:
1217 1897 1343 1928 Utinam
1371 1897 1480 1926 datum

210 1959 306 1993 esset,
331 1959 366 1987 ut
379 1956 464 1987 istud
487 1965 569 1996 opus
586 1956 718 1987 abolere
739 1964 865 1995 possem
882 1965 890 1993 3
913 1954 1059 1994 profecto
1080 1955 1168 1985 nulla
1188 1964 1241 1985 res
1261 1953 1363 1994 magis
1377 1957 1480 1993 grata,

211 2022 317 2052 neque
342 2012 487 2053 jucunda
517 2013 618 2050 soret,
640 2021 737 2051 quam
768 2011 847 2042 illud
870 2011 1008 2051 propriis
1037 2011 1187 2042 manibus
1207 2011 1479 2042 comburendum.

210 2069 458 2110 (SQUAsszAricffl
481 2069 550 2101 Vita
572 2068 788 2109 Petrum-hm)

254 2126 288 2156 ln
307 2135 344 2157 ea
363 2125 436 2167 (Ep.
459 2126 499 2157 ad
523 2126 658 2167 poster.)
681 2125 843 2164 siquidem
869 2126 908 2156 ad
928 2124 1108 2166 marginem
1130 2124 1225 2165 (nam
1248 2124 1370 2154 dudum
1393 2122 1479 2154 illius

210 2192 341 2214 manum
364 2183 565 2214 notissimam
593 2182 714 2222 habeo)
741 2183 784 2214 ita
811 2181 934 2213 scribit.
964 2183 1047 2213 Raro
1074 2191 1219 2221 unquam
1246 2184 1336 2221 pater
1364 2180 1480 2220 aliquis

209 2242 274 2271 tam
296 2243 429 2272 moestus
445 2240 549 2272 filium
566 2240 697 2272 unicum
716 2239 748 2270 iu
770 2249 884 2280 rogum
905 2238 1004 2277 misit,
1027 2242 1148 2278 quanto
1170 2239 1201 2269 id
1222 2238 1352 2270 fecerim
1369 2239 1479 2269 doloro

207 2298 238 2327 et
257 2305 371 2328 omnes
391 2297 518 2328 labores
541 2307 630 2328 meos
657 2306 694 2328 eo
722 2296 753 2327 in
785 2305 884 2336 opere
911 2295 1053 2335 perditos
1083 2295 1201 2326 acriter
1221 2297 1327 2326 tecum
1357 2294 1478 2330 volvas,

205 2353 256 2384 vix
275 2353 346 2394 ipse
368 2353 726 2394 lacrymascontinens.
746 2353 811 2384 Hoc
831 2356 936 2384 autem
958 2353 1006 2393 (ut
1028 2353 1069 2383 ita
1092 2352 1281 2389 dixerimus)
1305 2354 1479 2382 testamen-

207 2412 275 2442 tum
305 2420 388 2441 anno
415 2413 490 2441 ante
520 2410 712 2450 conscripsit
732 2419 829 2449 qnam
859 2409 1045 2443 moriretur,
1073 2409 1157 2447 quod
1186 2409 1316 2448 quidem
1340 2410 1374 2438 ut
1400 2407 1478 2438 mihi

204 2466 331 2499 videtur
352 2477 414 2499 non
439 2466 550 2505 facilc,
573 2476 670 2506 quam
697 2467 736 2497 de
757 2466 861 2497 Africa
889 2465 1028 2506 intelligi
1050 2466 1145 2503 licet,
1168 2465 1285 2495 factum
1307 2464 1393 2494 enini
1410 2464 1477 2503 juin

207 2523 286 2555 dicit
305 2525 388 2563 qnod
408 2524 515 2555 facere
537 2523 769 2554 destinaverat.
788 2522 834 2562 (1³.
855 2523 1010 2553 VERGEml
1038 2521 1107 2554 Vita
1127 2521 1339 2559 l‘ctrarclisz‘.)
