1865 2959
901 204 1109 239 -181—

363 293 450 342 Ipse
471 288 591 329 altam
612 288 780 340 cupidus
804 287 950 339 raptim
972 288 1163 328 tendebat
1181 289 1230 328 ad
1247 299 1392 329 arcem.

362 361 426 402 Sic
447 359 678 400 stimulante
706 359 811 399 fame
831 359 950 411 lupus
971 358 1150 411 amplum
1170 365 1310 401 nactus
1331 360 1450 410 ovile,

362 432 506 472 intima
522 432 619 471 dum
636 435 834 482 penetrat,
858 430 1011 470 socium
1032 430 1176 482 praedae
1196 435 1314 483 atque
1337 431 1486 471 laboris

360 502 522 554 Linquit
541 501 582 541 in
603 501 802 553 ingressu,
827 513 904 553 quo
924 501 1048 540 tutior
1068 500 1202 541 abdita
1227 501 1318 541 fidis

360 575 532 625 Corpora
552 573 713 612 diducat
732 572 895 612 latebris
914 573 1130 624 mergenda
1156 572 1302 624 palato.

360 647 536 684 Ventum
558 649 640 684 erat
660 645 709 684 ad
728 644 862 684 miseri
882 643 1010 684 felicia
1030 648 1133 684 tecta
1148 645 1312 696 tyranni

360 719 453 765 Quae
474 727 586 756 verso
602 714 787 755 malefida
806 715 890 754 viro
911 715 1048 767 regina
1071 715 1247 756 tenebat.

361 790 449 827 Haeo
470 786 612 827 subitis
632 787 790 826 turbata
810 786 926 826 malis
944 786 987 825 in
1006 786 1146 827 limine
1167 788 1253 827 visa
1271 792 1332 828 est

359 858 484 899 Obvia
501 858 655 908 victori,
677 858 709 898 si
741 870 863 910 quam
881 857 1041 897 fortuna
1068 863 1225 909 pararet

357 932 574 970 Tentatura
592 930 698 969 viam
718 929 907 981 duraeque
926 929 1126 969 levamina
1148 930 1282 970 sortis.

357 1002 541 1054 Undique
560 1002 759 1041 sidereum
781 1000 950 1052 genimis
970 1012 1145 1052 auroque
1165 1000 1348 1040 nitebant

355 1073 466 1113 Atria
487 1087 494 1111 :
517 1084 599 1112 non
618 1072 684 1112 illo
706 1071 835 1111 fuerat
854 1083 923 1111 rex
945 1071 1062 1111 ditior
1081 1071 1180 1111 alter

357 1147 459 1184 Dum
478 1144 638 1184 fortuna
662 1143 783 1183 fidem
801 1143 946 1191 tenuit,
970 1155 1078 1183 nuno
1098 1143 1221 1193 (fidite
1241 1143 1355 1194 laetis)

355 1216 569 1268 Pauperior
584 1228 666 1256 non
688 1216 786 1256 alter
803 1220 908 1255 erat:
931 1219 1067 1254 tamen
1094 1215 1229 1255 onmia
1246 1215 1363 1268 longe

355 1287 475 1339 Regia
495 1287 737 1339 praeradians
757 1285 940 1326 vincebat
964 1285 1104 1326 limina
1127 1289 1288 1339 conjux.

356 1358 422 1398 Ille
438 1370 511 1398 neo
530 1358 712 1398 {ethereis
734 1369 914 1410 unquam
932 1358 1182 1409 superandus
1205 1358 1253 1398 ab
1275 1359 1392 1399 astris

354 1431 432 1469 Neo
454 1429 626 1469 Phoebea
647 1429 747 1469 foret
767 1429 917 1469 veritus
933 1429 1154 1469 certamina
1169 1430 1304 1470 vultus

352 1501 489 1541 Judice
511 1501 584 1542 sub
597 1503 724 1553 Justo.
749 1501 887 1541 Stabat
905 1501 1079 1541 candore
1099 1501 1221 1542 nivali

351 1574 478 1612 Frons
504 1572 581 1613 alto
601 1572 785 1612 miranda
805 1573 909 1621 Jovi‚
931 1572 1186 1625 multumque
1216 1574 1342 1613 sorori

350 1643 548 1696 Zelotypae
566 1644 785 1684 metuenda
800 1644 925 1695 magis
952 1656 1071 1695 quam
1093 1643 1244 1696 pellicis
1264 1644 1344 1684 ulla

350 1717 493 1754 Forma
513 1715 596 1755 viro
623 1715 763 1755 dilecta
778 1727 876 1768 vago
893 1730 902 1765 ;
925 1715 1139 1767 fulgentior
1158 1727 1254 1756 auro

350 1786 546 1836 Quolibet,
569 1792 607 1826 et
629 1786 722 1826 solis
747 1787 868 1826 radiis
883 1786 1035 1827 factura
1056 1787 1266 1839 pudorem.

350 1857 536 1898 Caesaries
557 1858 777 1910 spargenda
797 1858 874 1899 levi
896 1859 1096 1911 pendebat
1117 1859 1164 1899 ab
1185 1872 1280 1899 aura

395 2021 425 2051 8.
444 2019 486 2052 Et
507 2019 541 2051 in
556 2020 610 2051 ed.
631 2020 721 2058 Bas„
743 2020 777 2052 in
796 2021 828 2051 in
850 2021 1003 2053 omnibus
1024 2031 1087 2053 ms.

393 2079 424 2108 9.
444 2077 588 2109 Deducat
608 2077 640 2108 in
657 2078 710 2108 ed.
725 2078 815 2116 Bas.‚
836 2078 969 2110 diducat
989 2079 1020 2109 in
1039 2078 1191 2110 omnibus
1210 2088 1271 2110 ms.

394 2135 446 2164 11.
465 2133 568 2165 Marso
590 2133 621 2165 in
641 2135 693 2166 ed.
716 2135 809 2173 Bas.‚
830 2143 919 2166 verso
939 2135 970 2165 in
997 2145 1059 2166 ms.
1078 2136 1116 2167 Α.

393 2191 444 2220 14.
466 2190 558 2221 Deme
575 2190 606 2220 in
627 2191 679 2220 ed.
700 2191 786 2227 Bas,
804 2191 954 2230 dumque
971 2192 1004 2222 in
1027 2192 1179 2223 omnihus
1201 2201 1262 2222 ms,

393 2248 446 2277 15.
464 2246 605 2279 Sidereis
622 2249 655 2279 in
677 2249 728 2279 ed.
752 2249 840 2286 Bas„
856 2249 1019 2280 sidereum
1034 2249 1065 2279 in
1090 2250 1242 2281 omnibus
1263 2259 1323 2281 ms.

1586 648 1635 686 10

1582 1004 1632 1042 15

1577 1718 1628 1756 25

392 2304 445 2333 17.
471 2302 586 2334 Tenuit
613 2303 745 2343 fortuna
770 2304 867 2345 fidem
902 2304 933 2335 in
966 2305 1017 2336 ed.
1050 2306 1138 2342 Bas..
1168 2305 1300 2345 fortuna
1331 2305 1428 2346 fidem
1458 2305 1562 2337 tenuit
1590 2305 1623 2336 in

344 2368 406 2390 ms.
430 2360 466 2390 A.

389 2418 442 2447 20.
463 2415 670 2456 Separandus
691 2417 722 2448 in
744 2418 795 2448 ed.
814 2417 905 2456 Bas„
922 2418 1123 2459 superandus
1145 2417 1178 2449 in
1200 2427 1262 2450 ms.
1286 2419 1323 2456 Α,
1346 2419 1383 2457 Β,
1404 2418 1438 2455 C,
1461 2419 1498 2455 Ι),
1521 2418 1553 2449 Ε.

390 2474 443 2504 27.
465 2472 659 2514 Splendebat
681 2483 737 2513 pro
755 2474 916 2515 pendebat
940 2474 973 2505 in
995 2484 1055 2505 ms.
1077 2475 1114 2505 Α.
