1865 2959
819 192 1028 226 -344-

279 277 435 318 Ennius
454 275 640 316 assiduus
661 286 796 316 rerum
817 275 1011 328 testisque
1036 287 1261 328 comesque.

279 349 408 401 Scipio
429 359 550 400 quem
570 347 733 387 tandem
754 347 982 399 aggreditur
1001 346 1214 399 verbisque
1235 347 1422 398 benignis

280 421 433 461 Excitat
454 419 650 471 incipiens
671 433 678 458 ε
713 433 731 455 α
754 420 1024 472 Nunquamne
1047 419 1206 459 silentiu
1226 431 1408 472 rumpes,

281 495 311 533 O
333 491 432 532 mihi
455 491 674 531 multorum
698 491 878 531 solamen
898 491 1012 531 dulce
1033 491 1216 531 laborum
1231 492 1250 531 ἶ)

282 567 394 613 Fare,
417 575 569 616 precor,
593 575 688 603 nam
707 563 911 616 perpetuis
930 563 1108 603 tabentia
1128 563 1234 603 curis
1520 567 1568 604 15

285 639 446 677 Pectora
466 640 604 675 nostra
624 635 736 675 vides
754 650 762 674 :
786 635 940 688 placido
963 647 1146 675 sermone
1166 635 1295 675 levare

284 709 351 748 llla
372 708 490 757 soles,
511 706 712 760 faciesque
731 707 851 747 modo
872 721 880 756 ;
904 712 1063 746 tautum
1084 719 1152 747 ora
1169 707 1338 758 resolve,

282 781 321 821 Si
342 780 414 820 tilii
433 780 613 820 nascenti
632 791 710 832 quo
731 778 857 831 polles
879 790 1063 818 summus
1084 778 1223 831 Apollo

281 852 492 905 Ingenium
513 852 672 892 coeleste
693 851 816 900 dedit,
843 851 876 890 si
898 850 1015 891 turba
1036 852 1210 891 Deorum

284 924 455 965 Castalio
476 923 673 964 infantem
695 923 926 964 demersum
947 923 1100 976 gurgite
1122 922 1215 963 lavit
1521 926 1572 963 ΞΟ

283 998 472 1038 Helicone
495 1008 621 1045 sucro,
645 995 845 1048 collesque
868 995 1006 1035 eduxit
1031 996 1073 1034 in
1095 994 1210 1035 altos

284 1072 334 1110 Et
353 1069 551 1109 calamum
572 1074 610 1107 et
632 1079 771 1107 vocem
794 1067 931 1106 tribuit
955 1071 1213 1118 mentemque
1235 1071 1376 1118 poetze.
1405 1082 1420 1103 ι)

284 1141 440 1182 Ennius
461 1139 608 1180 auditis
629 1144 745 1191 caput
766 1139 907 1178 extulit
927 1144 1045 1191 atque
1068 1138 1120 1178 ita
1137 1137 1243 1177 futur
1263 1152 1270 1176 ;

293 1228 310 1250 «
330 1215 360 1251 Ο
384 1212 455 1252 ilos
477 1212 595 1252 ltaliae
611 1211 790 1264 Juvenis,
815 1211 1030 1263 stirpisque
1050 1213 1226 1251 Deorum

287 1288 402 1327 Certa
420 1285 534 1335 fides,
557 1284 652 1338 quid
673 1296 783 1324 nuuc
803 1287 941 1323 nostro
960 1283 1087 1336 placet
1109 1295 1176 1323 ore
1198 1283 1348 1323 moveri
1527 1285 1575 1322 ..ὅ

289 1358 442 1407 Quidve
457 1357 576 1409 jubes
592 1359 608 1397 ‘3
626 1356 825 1408 Equidem
846 1356 964 1396 tacito
986 1356 1104 1396 modo
1125 1360 1282 1408 pectore
1304 1367 1463 1395 mecum

290 1429 510 1470 Volvebam
529 1429 637 1482 quod
658 1428 769 1469 nulla
785 1427 917 1468 ferent
932 1430 1016 1480 jum
1037 1427 1179 1467 saecula
1197 1460 1205 1477 ,
1228 1429 1357 1479 majus

288 1501 456 1541 Eximiae
477 1501 637 1541 virtutis
667 1512 768 1553 opus
795 1512 917 1553 quam
943 1505 1080 1540 nostra
1105 1499 1212 1552 quod
1238 1504 1334 1539 aetas

287 1576 394 1614 Lteta
416 1573 524 1613 videt
542 1587 551 1622 ;
573 1572 791 1625 nullusque
813 1584 994 1625 unquam
1017 1571 1089 1612 sub
1108 1576 1244 1612 mente
1267 1570 1440 1611 movebit

291 1645 449 1686 Grande
469 1644 636 1698 aliquid,
659 1644 721 1685 cui
746 1656 828 1684 non
848 1656 1014 1697 magnas
1033 1656 1124 1696 spes
1145 1644 1250 1684 inter
1268 1643 1485 1683 honestum
1527 1646 1576 1681 30

288 1719 445 1758 Nomen
464 1717 507 1756 in
527 1729 594 1757 ore
615 1722 744 1767 sonet,
768 1716 835 1769 qui
855 1728 938 1756 non
960 1721 1154 1756 venturus
1175 1715 1224 1755 ad
1244 1720 1379 1755 actum

291 1789 484 1842 Scipiadae
504 1788 738 1829 meminisse
759 1788 868 1838 velit,
892 1800 961 1840 pro
986 1799 1153 1827 munere
1175 1786 1310 1827 vultus

291 1863 380 1902 Non
406 1860 539 1913 cupiat
562 1860 709 1900 vidisse
730 1865 837 1910 tuos,
866 1861 1072 1912 [najorque
1096 1858 1265 1910 sepulcri

294 1935 388 1972 Post
407 1932 560 1973 cineres
579 1937 618 1973 te
638 1931 742 1972 fama
761 1937 913 1971 manet.
936 1930 1115 1971 Mortalia
1135 1931 1234 1970 livor

294 2004 427 2057 Carpit
451 2004 574 2056 enim,
601 2009 640 2045 at
665 2016 774 2045 mors
798 2004 993 2044 invidiam
1019 2002 1221 2043 consumit
1245 2006 1284 2042 et
1308 2006 1411 2041 arcet
1528 2002 1579 2040 35

1524 1285 1547 1311 θ

341 2194 394 2224 11.
422 2192 535 2224 Tristis
554 2192 587 2223 in
609 2192 662 2223 ed.
681 2192 768 2230 Bas„
789 2191 878 2224 testis
900 2191 931 2222 in
955 2190 1106 2222 omnibus
1128 2199 1189 2221 ms.

342 2251 396 2280 15.
420 2249 504 2281 Fore
524 2249 557 2280 in
578 2249 630 2280 ed.
655 2250 743 2285 Bas..
765 2248 834 2289 fure
854 2249 886 2280 in
907 2248 1057 2279 omuibus
1075 2256 1135 2278 ms.

343 2308 399 2338 27.
419 2306 535 2339 Manus
555 2306 588 2337 in
610 2307 661 2337 cd.
682 2306 770 2344 Bas..
787 2307 892 2347 majits
910 2306 942 2336 iu
966 2315 1025 2337 ms.
1050 2306 1088 2342 A,
1110 2304 1211 2336 mavis
1233 2303 1264 2334 in
1286 2303 1371 2335 aliis.

342 2366 398 2396 28.
425 2364 531 2398 Virtus
551 2364 583 2395 in
604 2364 656 2395 ed.
674 2364 759 2401 Bas„
782 2363 911 2395 virtutis
929 2363 961 2394 iu
982 2362 1134 2393 omnibus
1155 2372 1216 2393 ms.

344 2423 398 2452 35.
421 2420 465 2452 Ac
486 2421 516 2452 in
538 2421 589 2452 ed.
610 2421 682 2452 Bas.
705 2424 735 2452 et
753 2430 815 2451 ms.
834 2421 858 2451 A
881 2421 978 2462 (piior
1006 2419 1126 2459 lectio),
1146 2423 1177 2450 al
1207 2419 1239 2450 in
1270 2428 1331 2450 ms,
1360 2419 1381 2449 A
1407 2418 1581 2459 (posterior

297 2478 423 2519 lectio),
442 2479 479 2517 B,
495 2479 530 2518 C,
550 2479 587 2518 D,
610 2479 644 2510 E.
