1865 2959
876 265 1087 304 —304-

337 352 534 406 Tempore
553 351 736 394 destituit
754 356 852 395 toto.
877 353 974 403 Quis
998 352 1185 406 protinus
1208 352 1304 395 orbe

337 425 494 465 Vicerat
511 424 808 466 Hannibalem?
831 426 872 467 Si
893 430 991 467 tunc
1010 425 1195 467 cessisset
1214 425 1266 466 ad
1284 425 1450 467 umbras

338 497 424 538 Ibat
440 497 637 539 honorato
660 497 823 540 visurus
848 500 1014 540 Tartara
1033 510 1152 540 curru

337 570 512 620 Quaesito
531 581 615 612 non
634 571 683 612 de
702 571 834 613 Persis
853 571 1079 625 Arabisque
1097 571 1306 625 triumpho
1334 585 1344 612 :

337 643 443 692 Quin
462 655 532 684 rex
551 643 742 697 longaevae
756 644 945 685 traxisset
963 643 1030 684 fila
1055 648 1239 685 senectae.

337 716 434 765 Quis
455 715 576 758 fuerit
595 721 727 758 certus
744 721 914 758 venturo
936 720 1116 770 tempore
1131 722 1242 758 vates
1255 718 1275 758 ἱ)

336 789 444 829 Num
462 788 625 830 fortuna
651 800 791 830 senem
814 788 1030 842 exciperet,
1052 800 1153 830 num
1171 801 1265 830 rara
1284 788 1471 830 secundis

336 861 453 901 Forte
473 860 573 902 fides
592 873 702 902 seros
719 861 936 902 mansisset
962 860 1079 902 firma
1098 861 1172 902 sub
1200 873 1343 913 annos,

335 933 540 986 Praecipue
558 933 591 974 si
611 933 719 987 quod
734 933 864 975 fuerat
877 935 964 987 jam
986 945 1090 987 saepe
1113 933 1294 975 minatus

333 1005 489 1046 Italiam
515 1005 649 1046 senior
670 1010 866 1048 tentasset
887 1011 927 1047 et
950 1005 1082 1047 Africa
1101 1005 1206 1047 bella
1222 1017 1235 1058 3

332 1078 497 1131 Singula
517 1078 693 1120 versanti
714 1078 907 1132 quoniam
926 1090 1008 1119 nox
1028 1078 1107 1119 alta
1124 1078 1278 1131 soporis

332 1150 551 1203 Admonet,
576 1150 644 1192 hic
669 1151 737 1192 illo
757 1152 888 1205 major
905 1150 1092 1205 belloque
1107 1151 1269 1192 videtur

332 1222 496 1275 Clarior,
518 1228 640 1277 atque
662 1223 785 1265 hodie
803 1223 895 1277 plus
912 1235 1017 1265 verae
1040 1223 1171 1264 laudis
1192 1223 1362 1276 adeptus

332 1295 375 1337 Si
390 1295 542 1337 famam
561 1296 762 1350 egregiam
781 1308 867 1338 non
886 1296 954 1338 dat
972 1295 1136 1337 fortuna
1152 1307 1228 1337 1100
1249 1295 1380 1337 aufert

333 1368 462 1416 Quam
487 1369 687 1410 vincendo
707 1369 825 1421 alius,
846 1369 939 1410 licet
958 1369 1091 1410 omnis
1112 1368 1291 1410 Graecula
1309 1368 1458 1410 circum

331 1439 560 1494 Obstrepat‚
581 1446 621 1483 et
638 1446 763 1483 testes
781 1442 956 1483 inculcet
973 1441 1092 1483 turba
1110 1441 1280 1482 libellos.
1297 1455 1317 1479 n

331 1512 521 1564 Dixerat3
544 1514 758 1555 adstabant
777 1514 945 1556 intentis
966 1514 1129 1555 auribus
1149 1525 1308 1555 omnes.

330 1584 443 1626 Miles
466 1585 510 1626 in
526 1585 592 1627 his
611 1586 769 1640 gravior
787 1587 1036 1640 paulumque
1055 1587 1246 1628 annosior
1268 1597 1376 1626 unus

328 1657 472 1711 Incipit
491 1671 501 1698 :
530 1672 548 1696 «
566 1658 684 1700 Haud
704 1658 824 1700 dubie
844 1671 967 1712 quem
986 1671 1181 1711 magnum
1205 1658 1354 1700 dixeris
1374 1657 1441 1698 ille

328 1729 528 1771 Maximus
544 1736 621 1783 est,
643 1742 717 1772 nec
736 1743 859 1784 parva
879 1731 954 1772 tibi
973 1731 1158 1772 miranda
1177 1731 1368 1772 videntur

327 1802 407 1843 Nec
426 1801 590 1856 vulgare
606 1803 760 1856 aliquid
784 1803 950 1845 solitum
972 1803 1136 1844 laudare
1156 1807 1357 1844 tenemus.

326 1875 410 1916 Hoc
426 1886 558 1917 unum
578 1874 742 1929 petiisse
767 1875 906 1918 velim.
926 1875 968 1917 Si
988 1875 1132 1917 tertius
1151 1875 1218 1916 ille
1232 1879 1293 1916 est

376 2049 452 2083 197.
476 2048 602 2085 Galatis
620 2050 654 2083 111
668 2050 723 2084 ed.
743 2051 835 2091 Bas.,
853 2050 969 2085 Arabis
989 2052 1024 2085 in
1039 2052 1189 2085 omnibus
1199 2061 1262 2084 ms.

372 2109 451 2142 198.
470 2106 532 2150 Qui
551 2108 585 2141 in
605 2109 659 2141 ed.
684 2109 774 2149 Bas.,
794 2110 873 2151 quin
901 2109 934 2141 in
956 2119 1017 2143 ms.
1043 2111 1081 2149 A,
1103 2111 1140 2150 Β,
1161 2110 1196 2150 C,
1222 2111 1260 2150 D,
1277 2109 1328 2142 sin
1348 2109 1380 2141 in
1402 2119 1463 2142 ms.
1484 2109 1522 2141 F.

1544 427 1622 468 195

1536 1876 1562 1914 10

1568 1877 1583 1914 .—

1592 1876 1616 1914 Οἳ

372 2167 453 2200 200.
469 2166 585 2200 Non...
612 2167 766 2210 excipiet,
796 2176 862 2200 non
888 2167 922 2200 in
943 2168 995 2200 ed.
1023 2168 1113 2208 Bas.,
1132 2177 1255 2200 num...
1274 2167 1454 2209 eoeciperet,
1475 2176 1555 2199 num
1582 2167 1614 2198 in

325 2223 480 2256 omnibus
496 2233 561 2256 ms.

368 2282 446 2314 202.
466 2280 550 2323 Quot
566 2281 599 2315 in
620 2282 675 2315 ed.
695 2282 786 2322 Bas.,
806 2282 892 2324 quod
911 2282 945 2314 in
965 2282 1119 2314 omnibus
1136 2291 1198 2314 ms.

368 2339 444 2371 203.
463 2338 586 2372 Saevior
600 2340 633 2372 in
654 2340 707 2373 ed.
721 2340 812 2379 Bas.,
830 2339 940 2372 senior
956 2339 989 2371 111
1007 2339 1159 2371 omnibus
1175 2347 1238 2371 ms.

367 2397 445 2428 205.
466 2395 622 2430 Admovet
642 2397 675 2429 in
691 2397 746 2430 ed.
761 2397 853 2437 Bas.,
873 2394 1028 2429 admonet
1049 2396 1083 2429 in
1104 2396 1256 2430 omnihus
1275 2405 1336 2429 ms.

367 2454 446 2486 207.
469 2453 543 2488 Non
563 2454 722 2488 omissum
746 2454 780 2487 in
800 2454 855 2488 ed.
877 2454 953 2487 Bas.

368 2511 445 2543 211.
468 2510 647 2545 Paululum
667 2512 702 2545 in
719 2513 772 2545 ed.
796 2512 887 2552 Bas.,
902 2511 1042 2556 paulum
1063 2511 1097 2544 in
1117 2511 1270 2545 omnibus
1292 2521 1355 2543 ms.

369 2568 447 2601 215.
470 2567 614 2602 Territus
633 2569 667 2603 in
687 2569 741 2603 ed.
762 2569 853 2611 Bas.,
874 2568 1039 2606 ίαν-11113111
1059 2578 1121 2603 ms.
1141 2570 1180 2610 Α,
1201 2570 1236 2602 Ε.
