1865 2959
813 225 1023 261 -240—

277 312 317 353 Si
338 317 452 365 pater
480 316 547 351 aut
570 310 743 364 genitrix
763 310 986 359 retrahant,
1008 309 1176 363 vestigia
1204 309 1327 351 flectit

276 387 401 425 Lenta
420 383 576 433 dolens,
597 388 836 436 pactamque
854 383 1003 423 timens
1023 382 1208 423 amittere
1228 387 1403 423 noctem.

277 456 443 497 Fulvius
467 455 669 508 expositos
689 455 836 496 Baiano
860 456 902 495 in
919 455 1052 495 littore
1081 456 1251 496 Romam

279 528 483 578 Perauxit,
505 527 692 568 comitem
712 539 833 580 quem
856 527 1019 568 dederat
1037 526 1124 579 ipse
1144 526 1332 579 profectis

278 600 425 653 Scipio,
446 600 516 640 sed
536 611 675 640 muros
690 599 826 640 vetitis
844 599 994 639 intrare
1015 604 1189 639 vetusto.

278 672 500 714 Consilium
521 673 570 713 de
588 684 701 712 more
719 672 851 712 datur.
877 674 963 712 Stat
982 671 1165 723 proxima
1184 672 1310 724 portis

277 744 450 785 Bellona}
471 750 622 785 sacrata
639 745 801 795 doinus,
824 755 902 796 quo
928 748 1011 784 tota
1030 748 1194 784 senatus

277 818 411 858 Turba
431 817 607 858 verenda
631 817 709 858 coit
734 831 742 856 :
768 816 888 857 simul
916 821 954 857 et
974 828 1075 869 quos
1094 816 1259 856 miserat
1278 815 1406 856 hostis

277 890 548 931 Conveniunt.
572 890 621 930 Hi
642 889 771 930 multa
788 889 937 942 palam,
960 889 1053 942 quia
1078 888 1176 929 falsa
1197 888 1327 929 citatis

275 965 493 1003 Asserucre
511 962 618 1012 Deis,
644 962 703 1002 ira
723 961 903 1013 graviore
924 966 1088 1002 senatus

274 1035 502 1075 Accendere
520 1034 693 1084 animos,
718 1046 938 1087 paceinque
961 1039 999 1074 et
1019 1033 1150 1075 foedus
1172 1034 1324 1074 avitum

276 1109 504 1157 Poscentes,
533 1118 716 1146 meruere
735 1106 901 1155 odiun13
929 1105 1076 1146 violata
1100 1118 1244 1158 negare

276 1179 436 1220 Publica
453 1183 568 1232 pacta
587 1178 766 1232 quidem,
791 1190 1035 1232 causamque
1056 1177 1205 1219 inferre
1231 1178 1431 1219 malorum

276 1251 508 1302 Hannibali,
532 1257 776 1304 cunctosque
803 1251 900 1291 alios
923 1251 1129 1291 absolvere
1155 1252 1284 1304 culpa.

275 1324 402 1377 Coepit
418 1325 467 1364 ad
486 1324 571 1365 haic
589 1324 745 1365 varium
765 1336 970 1374 murnum
992 1329 1078 1365 111111
1100 1325 1280 1365 concitus
1298 1336 1406 1364 1111115

274 1399 332 1437 Ex
353 1397 533 1449 patribus
555 1411 564 1437 z
599 1397 832 1446 «Quoniam
855 1409 993 1450 pacem
1013 1397 1182 1449 petiistis
1212 1397 1375 1447 avitam,

274 1469 416 1520 Dicite,
436 1469 505 1520 ait,
527 1469 671 1509 veteris
704 1468 855 1509 fuerint
878 1481 966 1522 quse
989 1468 1139 1510 foedera
1165 1469 1288 1521 pacis.
1309 1484 1326 1507 »

274 1541 472 1581 Omnibus
492 1541 620 1581 {etatis
637 1540 804 1594 clypeus
824 1540 914 1591 11111,
938 1541 1006 1581 illa
1032 1546 1191 1582 vetusta

273 1614 324 1653 Se
340 1614 512 1666 juvenes
531 1625 661 1666 neque
680 1618 740 1653 tot
760 1618 866 1654 retro
885 1613 1121 1654 meminisse
1143 1626 1213 1666 per
1231 1625 1373 1654 annos.

273 1685 423 1726 Punica
443 1686 498 1726 sic
516 1688 643 1739 patuit
670 1686 793 1737 fraus,
817 1692 855 1727 et
878 1685 1114 1727 frustrantia
1140 1692 1300 1739 tempus

271 1758 403 1799 Verba
423 1770 568 1811 parum
588 1759 741 1800 latuere
760 1765 893 1812 patres
914 1771 924 1798 :
946 1759 1137 1800 excedere
1157 1759 1306 1812 templo

271 1831 381 1870 Jussi
401 1830 565 1871 abeunt.
587 1833 633 1871 In
658 1836 740 1872 tres
762 1831 885 1872 scissa
905 1836 966 1871 est
987 1831 1186 1872 sententia
1206 1836 1338 1884 partes

274 1902 527 1955 Principibus
547 1915 636 1956 quae
656 1904 740 1944 visa
759 1904 857 1944 suis.
879 1906 1057 1953 Quarum
1078 1916 1159 1944 una
1178 1903 1350 1944 reversis

275 1974 530 2026 Consulibus,
556 1987 653 2016 nam
673 1974 775 2016 forte
796 1975 984 2026 aberant;
1011 1988 1100 2029 quae
1126 1988 1285 2016 summa
1306 1980 1482 2028 potestas

274 2048 471 2100 Responsi
492 2048 676 2089 servabat
694 2060 813 2100 onus,
836 2049 1086 2102 dignumque
1113 2048 1300 2090 movebat

316 2233 393 2266 710.
418 2234 565 2268 Trahunt
584 2236 618 2268 in
638 2237 692 2269 ed.
714 2237 805 2276 Bas„
826 2236 998 2269 retrahant
1019 2235 1052 2267 in
1072 2235 1225 2268 omnibus
1246 2245 1306 2268 ms.

314 2294 391 2324 716.
417 2292 499 2325 Tuta
519 2303 576 2334 pro
598 2297 666 2326 tota
687 2304 773 2326 corr.
790 2294 822 2326 in
846 2303 909 2326 ms.
931 2296 954 2325 Α
978 2294 1056 2325 etin
1077 2303 1139 2325 ms.
1160 2294 1196 2332 B,
1219 2295 1251 2324 C.

315 2350 393 2381 720.
414 2349 565 2382 Amicum
587 2351 620 2382 in
641 2352 693 2383 ed.
714 2352 804 2390 Bas„
823 2352 947 2383 avitum
967 2350 1000 2382 in
1022 2350 1175 2382 omuibus
1196 2360 1258 2381 ms.

318 2407 394 2438 724.
418 2405 512 2450 Capit
533 2408 564 2439 in
583 2409 634 2440 ed.
655 2409 744 2448 Bas.,
766 2409 860 2450 eoepit
881 2408 912 2440 iu
934 2407 1088 2440 omnibus
1106 2418 1165 2439 1115.

317 2464 394 2495 726.
421 2464 542 2498 Veteris
562 2465 721 2497 omissum
740 2466 773 2497 iu
796 2467 834 2497 ed
872 2465 944 2496 nas.
969 2464 1115 2505 undique
1133 2464 1264 2506 legitur.

318 2520 393 2551 728.
414 2520 450 2553 Si
470 2521 501 2553 in
522 2523 576 2554 ed.
593 2524 681 2562 Bas,
701 2532 733 2555 se
753 2523 786 2554 111
803 2532 863 2554 ms.
889 2523 922 2560 B,
947 2522 980 2560 C,
1001 2524 1037 2561 l),
1062 2523 1096 2560 E,
1116 2523 1150 2560 F,
1173 2522 1269 2553 sicin
1294 2523 1411 2552 1115.Α.

1490 313 1567 351 ’710

1490 674 1568 712 715

1489 1035 1566 1073 720

1487 1760 1565 1799 730
