1865 2959
847 209 1057 245 -1026-

313 295 426 334 Nunc
444 298 581 335 tamen
598 294 784 347 ignotos?
801 296 1030 346 Annorum,
1051 298 1158 345 nate,
1183 294 1443 349 locorumque
1511 300 1590 339 470

313 365 419 406 Estis
438 365 481 405 in
502 370 671 418 angusto
687 366 831 419 positi;
855 378 943 420 quae
962 371 1105 407 cuncta
1131 366 1336 408 videntem

314 439 400 479 Huc
419 438 546 489 decet,
573 437 653 479 huc
673 438 808 479 oculos
827 439 1032 489 attollere3
1054 438 1199 492 vulgus
1221 440 1340 482 inane

314 509 468 550 Viderit
482 509 525 550 in
544 510 660 550 terris
679 516 811 563 quote
832 522 1017 551 sermone
1037 510 1237 564 loquatur.

312 582 478 635 Despice
497 582 678 635 quisquis
697 583 730 623 is
751 587 825 633 est,
849 588 887 624 et
907 583 939 622 si
966 595 1057 623 mea
1072 585 1185 636 jussa
1206 589 1414 625 merentur

312 654 368 693 Te
389 653 574 705 docilem,
596 653 838 703 humanum,
856 654 996 707 jubeo,
1017 659 1230 698 contemne
1256 656 1449 707 favorem,
1513 661 1591 699 475

313 725 420 765 Neve
435 725 489 765 ibi
510 730 716 766 tantarum
740 737 876 766 rerum
898 738 1011 779 spem
1030 738 1135 779 pone
1157 732 1341 779 tuarum;

314 795 511 837 illecebris
532 797 663 838 trahat
685 798 772 850 ipsa
792 799 875 838 suis
895 798 1164 851 pulcherrima
1183 800 1326 842 virtus.

312 867 445 908 Gloria
467 868 499 908 si
517 868 638 909 fuerit
661 869 889 910 studiorum
913 875 1020 911 meta
1038 876 1217 922 tuorum,

312 940 523 981 Pervenies
547 941 749 994 equidem,
773 943 841 983 sed
863 954 944 983 non
963 955 1182 984 mansurus
1202 944 1252 984 ad
1271 943 1397 985 illam.

310 1012 477 1053 Praemia
494 1013 556 1053 sin
575 1018 713 1055 autem
733 1014 829 1055 coelo
855 1020 939 1066 tua,
957 1022 1066 1067 nate,
1090 1016 1269 1069 reponis,
1508 1020 1587 1059 480

308 1084 393 1132 Quo
415 1096 573 1138 semper
591 1085 755 1138 potiaris
776 1086 916 1139 habes,
942 1088 1029 1129 sine
1048 1088 1128 1129 fine
1145 1088 1286 1129 heatus

307 1157 356 1196 Et
381 1157 467 1197 sine
492 1169 694 1198 mensura.
717 1159 830 1208 Quod
852 1159 885 1199 si
909 1159 1123 1201 dulcedine
1138 1160 1254 1201 famae

307 1228 499 1281 Tangeris
516 1233 556 1269 et
574 1229 748 1270 stimulis
769 1231 890 1272 etiam
910 1244 1018 1272 nunc
1037 1234 1228 1286 pungeris
1242 1234 1346 1285 istis,

307 1301 435 1349 Quam
459 1301 645 1354 praa-clara
665 1307 733 1343 tuo
752 1308 829 1344 stat
853 1303 976 1356 gloria
998 1304 1076 1346 fixa
1098 1305 1225 1346 labori
1243 1307 1252 1346 1

306 1372 512 1422 Polliceor,
537 1375 670 1415 veniet
688 1375 863 1428 pretium
881 1376 969 1427 tihi,
993 1382 1100 1428 nate,
1123 1378 1231 1431 quod
1252 1383 1382 1431 optas.
1508 1381 1585 1419 485

306 1444 375 1485 Illa
394 1445 457 1486 vel
481 1446 654 1487 invitum
672 1445 799 1500 fugias
823 1447 928 1499 licet,
950 1448 1018 1490 illa
1037 1454 1242 1502 sequetur,

306 1518 357 1556 Ut
378 1517 451 1558 sub
472 1518 554 1559 sole
574 1531 721 1572 vagum
739 1520 951 1561 comitatur
970 1522 1145 1574 corporis
1164 1521 1306 1563 umbra

305 1591 393 1642 Ipsa
411 1590 485 1630 tui.
508 1592 768 1644 Quocumque
785 1592 955 1645 gradum
976 1598 1019 1633 tu
1043 1592 1214 1644 flexeris,
1236 1593 1304 1634 illa

304 1660 507 1713 Flectitur,
529 1667 567 1703 et
593 1667 670 1703 stat
689 1663 721 1704 si
741 1664 914 1705 steteris.
941 1664 1005 1706 Sic
1024 1664 1130 1706 fama
1147 1665 1350 1707 volentem

301 1733 592 1788 Nolentemque
613 1735 734 1776 simul
756 1736 950 1790 sequitur.
975 1738 1053 1778 Sed
1073 1738 1274 1791 numquid
1290 1738 1473 1790 ineptum
1503 1740 1581 1778 490

303 1805 458 1846 Dixeris
473 1807 600 1847 arenti
619 1807 869 1860 gradientem
887 1809 929 1849 in
950 1808 1129 1862 pulvere,
1149 1815 1194 1850 ut
1211 1809 1396 1851 umbram

302 1877 478 1931 Aspiciat
495 1884 586 1932 post
608 1884 718 1933 terga
737 1881 883 1922 suam?
901 1882 991 1922 Non
1013 1882 1148 1922 sanior
1169 1881 1236 1923 ille
1257 1886 1317 1923 est

346 2033 423 2067 470.
443 2033 599 2068 Locorum
617 2041 648 2069 et
668 2037 700 2069 in
721 2038 773 2070 ed.
794 2038 881 2077 Bas„
900 2038 1111 2080 locorumque
1130 2039 1163 2071 in
1181 2038 1332 2071 omnibus
1349 2048 1411 2071 ms.

345 2093 423 2123 472.
441 2092 575 2125 Animos
593 2093 625 2125 in
643 2095 697 2126 ed.
719 2095 808 2134 Bas„
830 2095 940 2128 oculos
959 2095 991 2127 in
1010 2106 1072 2128 ms.
1088 2097 1125 2128 Α.

344 2150 420 2181 476.
442 2151 501 2182 Hic
520 2161 633 2184 versus
652 2151 697 2184 sic
716 2152 836 2194 legitur
855 2153 889 2184 in
910 2162 972 2185 ms.
993 2154 1031 2193 B,
1053 2154 1074 2184 F
1091 2164 1099 2192 ;
1119 2153 1177 2186 tibi
1194 2162 1252 2194 pro
1274 2152 1318 2186 ibi
1338 2153 1372 2185 in
1392 2163 1454 2186 ms.
1473 2154 1519 2192 A;
1542 2154 1575 2185 in

296 2213 355 2246 pro
372 2207 416 2239 ibi
435 2207 468 2239 in
488 2217 551 2240 ms.
573 2209 607 2248 C,
622 2210 667 2249 D;
687 2219 765 2242 neve
784 2210 843 2242 tibi
858 2211 997 2243 nimiam
1017 2211 1050 2243 in
1070 2220 1132 2244 ms.
1150 2212 1194 2250 1⁴33
1213 2220 1292 2244 neve
1312 2211 1356 2244 ibi
1372 2212 1420 2244 vel
1440 2212 1577 2244 nimiam

296 2263 327 2294 in
348 2265 399 2295 ed.
420 2265 534 2297 Venet.
555 2269 588 2297 et
611 2267 701 2305 Bas.;
720 2276 808 2308 spem
829 2268 989 2300 omissum
1009 2267 1042 2300 in
1059 2269 1113 2300 ed.
1134 2268 1207 2300 Bas.

341 2322 417 2352 477.
439 2321 500 2354 Illa
520 2332 576 2363 pro
594 2322 660 2365 ipsa
681 2324 714 2355 in
736 2334 798 2356 ms.
821 2325 857 2355 E.

340 2379 416 2410 482.
438 2379 497 2412 Sin
517 2384 553 2412 tu
572 2381 604 2412 in
626 2382 679 2413 ed.
698 2382 786 2421 Bas„
804 2381 889 2423 quod
905 2383 933 2414 si
952 2382 984 2414 in
1001 2381 1152 2414 omnibus
1167 2392 1228 2415 ms.

341 2437 417 2467 484.
437 2436 556 2469 stetin
574 2439 628 2470 cd.
651 2439 740 2477 Bas„
760 2442 824 2471 stat
848 2439 879 2471 in
903 2449 963 2470 [ηε.
988 2441 1025 2478 Α,
1051 2440 1086 2478 B,
1109 2440 1144 2478 Ε,
1166 2441 1201 2472 F.

341 2494 416 2525 486.
440 2493 580 2527 Invitam
599 2495 633 2527 in
654 2496 706 2528 ed.
731 2496 823 2536 Bas„
843 2497 982 2529 invitum
1004 2496 1038 2528 in
1058 2497 1211 2530 omnibus
1230 2507 1290 2530 ms.
