1865 2959
749 302 956 337 —339—

215 387 367 426 Rursus
387 385 428 425 in
450 385 602 425 Italiam
621 385 796 425 reditum
817 388 855 424 et
876 383 1062 424 firmante
1083 388 1222 424 senatu

213 458 310 496 Acta
326 457 451 507 ducis,
474 468 549 509 pax
570 457 611 497 iu
631 456 729 496 libro
750 456 872 496 relata
892 459 1050 495 vetusto
1387 460 1490 497 1010

211 529 317 568 More
334 533 508 580 patrum,
526 527 710 580 legesque
730 528 831 568 datae
847 529 1060 580 jurataque
1080 527 1217 567 verbu.

213 599 342 651 Scipio
361 599 539 651 longaevo
559 599 737 651 gaudens
756 599 938 651 posuisse
957 598 1081 638 labori

212 672 301 709 Jam
320 669 442 710 finem
459 671 712 723 reditumque
732 682 875 722 paraus
896 670 938 709 in
968 669 1132 722 praemia
1151 674 1259 710 totus

214 741 390 781 Vertitur
409 753 452 781 ac
473 742 610 782 laudes
633 747 671 782 et
693 742 797 782 dona
815 741 993 794 iugentia
1013 740 1131 781 solvit

214 812 419 853 Militibus.
441 813 621 853 Cirtham
641 813 914 866 Syphacisque
933 813 1070 853 omnia
1088 813 1170 864 regi
1388 816 1454 852 1οΙ
1467 817 1489 853 5

213 885 341 923 Donat
366 889 404 924 ct
424 884 635 925 emeritum
655 885 766 937 regui
786 884 1011 924 confinibus
1030 884 1134 924 ultro

212 955 387 1007 Ampliat
405 956 631 1006 immensis⁷
654 956 779 996 victos
801 968 849 995 ex
869 954 1018 996 foedere
1038 956 1202 995 damnat

212 1026 390 1066 Reddere
407 1039 470 1067 res
490 1028 572 1079 regi
593 1027 697 1067 socio
718 1032 959 1079 pactumque
977 1027 1172 1067 tributum

212 1097 371 1138 Solvere
394 1099 599 1138 Romanis.
623 1098 723 1138 Hinc
742 1099 791 1138 ad
810 1098 1006 1150 condigna
1025 1110 1209 1138 reversus

213 1169 413 1221 Supplicia
433 1174 470 1210 et
483 1171 614 1222 justas
634 1169 743 1210 vario
766 1169 996 1210 discrimine
1016 1181 1154 1221 psenas
1390 1171 1490 1209 1020

212 1241 345 1280 Mitius
364 1241 405 1281 in
428 1253 563 1281 servos
587 1242 689 1293 egit3
719 1241 864 1282 servile
886 1242 1041 1293 putavit

212 1313 308 1352 Esse
332 1312 481 1364 fugem,
502 1324 586 1353 non
605 1324 725 1353 nosse
744 1312 881 1353 fidem.
909 1313 1158 1366 Quicumque
1177 1316 1357 1365 repertus

212 1384 327 1424 Liber
347 1384 498 1424 militiae
518 1384 709 1435 desertor,
731 1385 914 1437 protinus
934 1384 1001 1424 ille
1022 1390 1082 1424 est

212 1455 410 1507 Supplicio
429 1460 606 1495 extremo
627 1455 813 1496 affectus:
836 1456 901 1508 qui
918 1457 1009 1508 Jura
1023 1455 1223 1508 fidemque

212 1527 408 1579 Tempore
427 1532 509 1566 tam
528 1527 648 1567 dubio
666 1529 877 1580 jurataque
897 1527 1058 1579 liquerit
1079 1538 1191 1566 arma
1385 1527 1487 1565 1025

212 1599 413 1638 Romanos
430 1599 613 1639 crucibus
633 1599 768 1651 rigidis
793 1599 901 1639 dedit
921 1604 1039 1651 atque
1059 1598 1210 1638 Latinis

211 1669 391 1710 Abscidit
410 1671 552 1711 merita
569 1671 809 1723 trepidantia
829 1671 928 1711 colla
949 1671 1092 1711 securi.

212 1743 282 1781 His
301 1742 397 1782 actis
418 1742 586 1783 classem
603 1742 719 1782 solvit
737 1742 953 1782 comitante
975 1747 1116 1782 senatu

211 1816 445 1854 Extremum
464 1814 507 1854 in
531 1814 643 1855 littus
665 1817 895 1864 Poenorum,
919 1819 958 1855 et
983 1815 1160 1867 supplice
1184 1814 1300 1854 turba

210 1885 411 1925 Victorem
430 1885 601 1926 mirante
617 1898 751 1936 suum,
771 1898 869 1938 quos
884 1886 949 1926 ille
969 1886 1140 1938 benigne
1385 1887 1487 1925 1030

212 1956 443 2008 Digrediens
461 1957 576 1997 dictis
593 1962 842 2009 postremum
862 1956 1005 1997 affatur
1025 1957 1165 1997 amicis
1184 1971 1191 1996 :

217 2043 236 2065 α
260 2028 390 2069 Vivite
407 2029 583 2069 contenti
603 2029 761 2081 proprio
780 2040 1058 2081 memoresque
1076 2031 1265 2077 Deorum,

257 2280 354 2311 1010.
377 2279 485 2312 Libros
504 2280 537 2312 in
557 2281 609 2312 ed.
629 2281 718 2319 Bas,
737 2280 817 2312 libro
838 2280 870 2311 in
892 2289 953 2311 ms.
972 2281 1008 2311 A.

258 2337 353 2368 1015.
379 2336 533 2370 Cartham
552 2337 583 2368 in
602 2338 653 2368 ed.
676 2337 765 2373 Bas,
789 2335 935 2370 Cirtham
957 2336 989 2367 in
1008 2346 1067 2367 ms.
1088 2336 1125 2367 Α.

258 2394 355 2425 1017.
382 2394 486 2427 Victor
505 2394 538 2425 in
559 2395 611 2426 ed.
633 2394 722 2433 Bas„
743 2394 841 2426 victos
861 2394 893 2425 iu
913 2393 1065 2425 omnibus
1084 2403 1145 2425 ms.

258 2451 355 2483 1018.
376 2450 446 2484 Rex
466 2450 499 2481 in
517 2451 568 2482 ed.
596 2451 684 2488 Bas„
702 2459 751 2482 res
770 2451 803 2481 in
822 2450 972 2482 omnibus
989 2460 1050 2482 ms.

257 2509 355 2539 1023.
376 2508 507 2540 Deserto
526 2507 559 2539 in
580 2508 632 2539 ed.
653 2508 741 2547 Bas„
764 2507 907 2540 desertor
925 2506 958 2538 in
976 2506 1128 2539 omnibus
1151 2515 1214 2538 ms.

258 2566 354 2595 1025.
382 2564 422 2596 Te
437 2568 531 2607 pater
551 2565 582 2596 iu
603 2566 655 2596 ed.
677 2565 763 2604 Bas„
787 2568 928 2605 tempore
948 2564 979 2594 in
1001 2564 1150 2596 omnibus
1165 2573 1225 2595 ms.
