1865 2959
863 254 1049 288 -14-

316 335 433 378 cium
457 335 736 393 etjacentem
755 349 778 380 e
797 336 1006 381 manibus
1027 338 1227 381 hostium
1246 341 1472 390 servabat:
1492 357 1598 387 suos

316 418 416 471 post
450 414 623 458 Cannas
659 419 871 460 nutantes
909 430 958 461 ac
997 416 1258 475 desperatos
1293 421 1460 472 erexit;
1502 421 1599 466 haec

316 491 467 534 omnia
503 493 644 536 amice
671 492 823 536 laudat
858 494 1035 537 Laelius.
1065 496 1175 539 Dein
1211 498 1457 541 recentiora
1484 499 1597 543 facta

314 568 587 627 aggreditur,
602 570 831 628 quomodo
843 571 1155 630 Carthaginem
1172 587 1336 618 novam
1351 575 1592 628 obsederit,

314 659 424 704 quas
446 646 530 691 diis
553 652 700 705 grates
728 649 868 693 victor
889 650 1145 703 exsolverit,
1169 665 1256 708 qua
1275 652 1514 710 prudentia
1540 653 1595 697 ad

314 723 600 768 concordiam
622 726 739 769 inter
765 726 931 770 milites
947 727 1218 772 firmandam
1236 744 1346 773 usus
1368 731 1439 784 sit,
1461 746 1595 789 quam

313 802 497 847 tandem
531 805 858 849 continentiam
888 810 990 864 post
1020 806 1253 850 victoriam
1282 809 1337 852 sit
1364 809 1595 867 professus

311 880 471 939 Scipio,
497 882 652 926 multis
680 882 829 927 verbis
851 884 1058 942 explicat.

371 959 490 1003 lntcr
508 963 719 1018 quartum
744 964 787 1004 et
814 961 1023 1018 quintum
1046 962 1212 1006 lihrum
1242 964 1461 1009 nonnulla
1488 980 1593 1024 pro-

308 1037 424 1081 fecto
450 1035 779 1091 desiderantur,
801 1052 906 1082 nam
926 1040 1130 1098 proxime
1149 1041 1334 1085 Laelium
1351 1057 1420 1087 res
1444 1049 1593 1102 gestas

309 1114 501 1158 Africani
524 1120 800 1170 narrantem,
831 1117 1083 1175 Scipionem
1112 1119 1260 1177 ipsum
1291 1120 1417 1165 vides
1445 1122 1591 1167 Cirtha

307 1194 516 1251 potitum.

367 1273 418 1317 V.
443 1299 499 1304 —
521 1272 713 1317 Ineunte
730 1273 868 1331 igitur
886 1274 1043 1331 quinto
1071 1275 1202 1329 lihro,
1232 1277 1424 1322 victores
1447 1277 1503 1321 ad
1528 1293 1591 1324 re-

306 1349 424 1407 giam
457 1350 620 1394 Cirtha}
654 1364 803 1395 arcem
838 1352 1033 1397 tendunt
1070 1354 1326 1399 Massinissa
1354 1360 1396 1399 ct
1428 1357 1585 1415 Scipio.

305 1427 542 1471 Paululum
573 1442 597 1471 a
626 1443 776 1473 rerum
798 1429 956 1475 ordine
978 1431 1171 1476 declinat
1189 1436 1331 1485 vates
1355 1438 1398 1477 et
1417 1435 1590 1493 Sopho-

304 1505 496 1559 nisham,
522 1506 736 1564 Syphacis
764 1522 967 1562 uxorem,
1000 1510 1148 1568 specie
1175 1523 1224 1554 ac
1252 1511 1588 1569 pulchritudine

302 1583 544 1642 insignem,
558 1585 770 1630 omnihus
785 1587 892 1631 artis
910 1588 1136 1633 coloribus
1156 1589 1319 1647 pictam
1337 1594 1380 1634 et
1397 1591 1584 1649 politam

301 1661 512 1715 exhihet;
545 1668 652 1707 tunc
673 1664 828 1708 Laurae
846 1665 1046 1723 profecto
1074 1667 1342 1712 meminerat
1368 1685 1376 1711 :

391 1789 489 1833 Quid
508 1801 585 1826 non
602 1790 742 1838 frangit
765 1796 894 1828 amor?
912 1792 1002 1836 Quis
1020 1792 1192 1830 fulminis
1211 1794 1376 1842 impetus
1393 1796 1448 1832 illi

394 1851 611 1898 AEquandus
629 1856 646 1887 ‘P

358 1983 409 2027 Et
431 1997 539 2029 sane
566 1984 661 2043 ipse
680 1985 943 2030 vehementi
963 2000 1117 2032 amore
1137 1987 1253 2032 clam
1271 2001 1487 2033 accensus
1514 1992 1582 2032 est

299 2061 570 2114 Massinissa,
598 2078 736 2121 quum
769 2064 972 2123 reginam
1001 2065 1112 2110 vidit
1145 2066 1504 2124 illacrymantem
1539 2070 1582 2111 et

295 2138 486 2197 pedihus
519 2140 612 2184 suis
638 2142 943 2199 provolutam,
981 2147 1176 2188 mortem
1208 2144 1299 2189 imo
1334 2159 1438 2188 cum
1470 2145 1582 2189 sseti-

293 2216 378 2261 bus
415 2217 748 2276 deprecantem.
799 2221 1049 2279 Improvisa
1099 2223 1252 2266 statim
1297 2222 1581 2267 celebrantur

293 2295 532 2339 connubia.
556 2297 665 2342 Ecce
692 2301 844 2342 autem
866 2298 1108 2344 dormienti
1131 2301 1298 2359 reginae
1332 2301 1578 2345 infaustum

292 2372 461 2431 aliquid
484 2375 660 2418 somnia
681 2375 976 2434 portendunt.
1005 2378 1176 2421 Laetitia
1204 2378 1340 2422 simul
1372 2379 1579 2437 perfusus

293 2455 337 2495 et
377 2452 528 2496 futura
567 2453 766 2511 quodam
807 2454 944 2499 modo
978 2461 1284 2514 praemetuens
1320 2457 1576 2501 Massinissa

293 2529 545 2587 Scipionem
580 2531 698 2577 adit,
734 2533 810 2590 qui
849 2548 952 2577 euin
987 2534 1041 2577 ad
1072 2535 1282 2579 virtutem
1311 2536 1572 2579 confirn‘iat.
