1865 2959
866 226 1076 263 -164—

325 311 461 353 Sentio
483 314 673 364 praeterea
691 311 787 364 quid
809 310 960 352 femina
979 315 1111 352 vestra
1129 311 1272 365 pudica

322 386 448 426 Morte
469 383 579 434 velit,
604 396 654 425 ne
673 389 816 425 cuncta
837 384 912 425 sibi
930 386 1015 437 jam
1036 384 1203 425 candida
1224 384 1323 425 Dido

321 458 503 509 Arroget,
529 461 597 497 aut
616 456 780 508 J'uvenis
804 461 919 497 terra]
944 457 1153 497 demersus
1177 456 1340 510 iniquae.

322 528 466 568 Omnia
485 540 537 568 ne
557 528 706 568 nostris
726 528 962 581 contingant
984 528 1087 569 clara
1106 528 1273 582 sepultis

321 599 526 640 Fratribus
546 605 759 641 occurrunt
779 600 934 653 genitor
954 604 1153 653 natusque
1173 612 1394 654 neposque.

321 673 456 712 Unum
477 672 526 712 de
544 672 696 713 cunctis
716 672 907 712 miracula
929 672 1105 712 maxima
1124 673 1284 724 transit,

318 746 364 784 In
383 744 543 786 turbam
563 745 742 798 potuisse
761 746 920 785 animos
942 745 1184 786 descendere
1204 750 1353 786 tantos.

318 817 412 858 Plus
432 817 642 859 hominem
664 830 852 871 suprema
873 818 956 858 dies
977 830 1099 871 quam
1123 824 1264 859 caetera
1286 824 1434 870 terret3

316 892 433 931 Hunc
452 890 579 931 virtus
600 891 782 944 praedura
801 890 901 931 solet
921 890 1117 931 minuisse
1136 903 1342 944 pavorem,

315 963 390 1002 Vix
410 967 546 1004 tamen
566 963 651 1004 haec
670 963 807 1016 paucis
827 975 1002 1016 usquam
1023 964 1088 1004 vix
1107 964 1272 1017 contigit
1292 964 1377 1005 uni.

313 1035 474 1076 Publica
495 1036 564 1077 sed
585 1036 697 1077 vobis
719 1037 859 1077 eadem
880 1041 956 1088 est,
978 1041 1136 1090 statque
1156 1037 1275 1078 unica
1294 1037 1438 1079 vestris

311 1109 423 1148 Mens
444 1108 684 1149 exercitibus
705 1120 775 1161 pro
793 1108 976 1149 libertate
995 1109 1147 1149 tuenda

308 1180 429 1220 Recta
447 1179 578 1221 fronte
596 1181 711 1221 mori.
736 1181 813 1222 Sed
834 1181 941 1234 quod
962 1193 1082 1234 super
1101 1181 1238 1222 omnia
1255 1181 1374 1235 longe

310 1253 436 1292 Nosse
455 1251 591 1303 veliin,
614 1253 761 1306 egregii
782 1253 907 1294 vitain
929 1258 968 1294 et
988 1253 1101 1294 ducis
1122 1258 1208 1294 acta
1226 1254 1409 1295 moderni

311 1324 519 1364 Praeteris:
544 1324 620 1365 hoc
640 1325 776 1377 igitur,
800 1337 954 1378 precor,
979 1324 1054 1366 hoc
1080 1325 1254 1367 edissere
1275 1325 1407 1377 nohis,

311 1395 385 1444 Qui
405 1407 552 1448 mores,
581 1409 669 1449 quae
688 1395 818 1438 forma
843 1397 932 1448 viri,
958 1397 1047 1450 quis
1066 1398 1238 1450 pectoris
1262 1397 1410 1451 hospes

308 1468 379 1507 Est
399 1468 574 1520 animus,
596 1481 683 1522 quae
705 1472 894 1523 majestas
911 1470 1162 1522 juvenilibus
1182 1471 1300 1511 annis

309 1540 430 1581 Insita
452 1543 653 1595 (namque
672 1554 802 1582 unum
822 1542 939 1582 nobis
960 1542 1038 1582 huc
1057 1542 1233 1584 crebrior
1250 1542 1367 1583 illum

308 1614 429 1654 Fama
448 1614 565 1664 tulit)
583 1629 592 1665 ;
616 1620 701 1655 tum
724 1615 921 1668 praecipue
941 1628 1029 1669 quae
1049 1616 1172 1668 gessit
1194 1615 1304 1656 Ibero

302 1683 437 1734 Nuper
461 1683 504 1724 in
523 1685 617 1725 orbe
636 1684 754 1725 refer.
783 1685 871 1725 Tibi
894 1685 926 1725 si
950 1686 1162 1726 notissima
1192 1698 1328 1738 posco,

304 1755 448 1796 Omnia
473 1757 504 1796 si
530 1769 706 1809 prensens
735 1758 938 1810 spectasti,
962 1763 1000 1798 et
1022 1770 1184 1798 cernere
1207 1758 1280 1798 soli

303 1829 378 1867 Cor
398 1827 488 1868 licet
509 1841 717 1880 arcanum,
742 1830 935 1882 quonian]
958 1830 1014 1870 nil
1032 1831 1220 1883 protinus
1241 1830 1388 1870 ardens

304 1899 412 1940 Celat
433 1900 607 1942 amicitia
625 1916 634 1951 ;
658 1907 697 1942 at
718 1908 760 1942 tu
789 1901 935 1943 festina
955 1914 1186 1955 parumper.

302 1973 388 2012 Nox
412 1972 600 2025 subsiste,
625 1986 777 2026 precor,
800 1975 931 2015 Lelius
954 1975 1051 2015 dum
1068 1975 1234 2028 pulchra
1255 1974 1381 2015 relatu

348 2119 401 2151 11.
423 2118 599 2152 Hominum
618 2119 649 2152 iil
670 2121 722 2152 ed.
744 2121 835 2160 Bas„
857 2120 1025 2153 hominem
1043 2120 1075 2152 in
1099 2120 1251 2153 omnibus
1271 2130 1330 2153 ms.

347 2177 401 2208 13.
425 2176 558 2210 Cunctis
574 2179 605 2209 in
626 2179 680 2210 ed.
702 2179 791 2216 Bas,
809 2179 925 2220 paucis
946 2179 979 2210 in
1001 2179 1151 2211 omnibus
1168 2188 1228 2211 ms.

346 2235 400 2265 44.
421 2233 493 2267 Stat
511 2235 543 2266 in
564 2237 617 2268 ed.
640 2237 729 2275 Bas„
749 2239 876 2277 statque
899 2237 932 2268 iu
954 2237 1105 2269 omnibus
1125 2246 1186 2268 ms.

344 2292 398 2323 16.
419 2290 504 2332 Quid
525 2292 558 2324 in
580 2294 632 2324 ed.
657 2294 744 2332 Bas„
763 2293 848 2334 quod
868 2293 899 2324 in
922 2303 983 2325 ms.
1010 2294 1046 2331 B,
1067 2294 1102 2332 C,
1123 2294 1161 2332 D,
1185 2294 1219 2332 Ε,
1238 2294 1272 2325 F.

343 2349 396 2380 19.
422 2348 567 2381 Fortuna
588 2350 620 2381 in
641 2352 692 2382 cd.
715 2351 805 2389 Bas„
826 2350 934 2392 forma
955 2351 987 2382 in
1009 2351 1159 2383 omnibus
1182 2360 1244 2383 ms.

341 2408 395 2438 20.
417 2405 459 2438 Et
481 2406 513 2437 in
532 2407 583 2438 ed.
604 2408 692 2445 Bas„
714 2411 759 2440 est
780 2408 812 2439 in
834 2409 986 2440 omnibus
1005 2418 1064 2440 nis.

340 2463 394 2494 21.
413 2463 478 2495 lIoc
495 2463 527 2495 in
551 2465 604 2496 ed.
626 2465 720 2504 Bas„
736 2465 798 2497 huc
815 2465 846 2496 in
871 2465 1024 2497 omnibus
1044 2474 1106 2496 rns.

340 2520 395 2553 27.
423 2520 534 2555 Velatu
554 2521 588 2554 in
609 2522 661 2554 ed.
685 2522 774 2562 Bas„
793 2522 901 2555 relatu
923 2522 956 2554 in
978 2521 1131 2554 omnibus
1152 2531 1212 2555 mS.

1554 750 1605 788 10

1546 1473 1597 1512 20

1542 1832 1594 1871 ts
