1865 2959
763 236 801 241 -
830 218 875 251 55)
901 236 943 241 -

222 308 390 355 temptet
410 301 584 352 ‘infanda
608 298 682 354 qui
707 297 941 355 compositi
969 302 1072 341 ante
1100 313 1242 342 annos
1272 313 1491 344 Mccoxniii

221 378 443 421 dicuntur.
469 376 572 419 Sese
592 375 713 419 enim
741 375 871 433 fingit
903 388 928 418 a
956 375 997 418 S.
1028 376 1279 433 Augustino
1306 376 1492 434 increpi-

225 460 347 499 tum:
381 472 402 493 «
430 454 612 496 Famam
634 453 750 496 inter
769 456 972 510 posteros
1001 454 1266 510 concepisti,
1301 453 1490 511 ideoque

222 546 407 575 inanum
425 530 480 574 ad
498 531 666 589 majora
684 532 778 589 jam
803 531 1034 589 porrigens
1052 566 1062 582 ‚
1089 531 1254 574 librum
1281 531 1487 575 historia-

222 623 394 653 rum....
430 621 668 666 aggressus
706 621 781 659 es,
820 621 962 665 eoque
995 607 1199 651 nondum
1229 609 1284 652 ad
1320 610 1487 653 exitum

221 685 453 744 producto,
484 686 617 729 tantis
641 685 793 743 gloriae
820 686 1013 729 stimulis
1035 686 1279 744 urgebaris,
1303 686 1359 730 ad
1380 688 1488 730 Afri-

220 777 315 808 cam
336 763 508 821 poetico
536 762 731 820 quodam
754 763 930 822 navigio
963 763 1273 817 transmisisti,
1305 767 1349 808 et
1369 778 1489 808 nunc

218 843 264 885 in
284 841 491 899 praefatos
508 841 664 885 Africae
682 841 820 885 libros
839 842 901 886 sic
927 841 1163 900 diligenter
1182 842 1420 895 incumbis,
1441 846 1489 888 ut

218 920 328 963 alios
361 933 452 962 non
486 919 727 976 relinquas.
741 954 747 962 .
759 954 786 962 ..

337 1050 413 1084 Mox
433 1051 516 1083 ruet
533 1052 568 1083 ct
588 1049 753 1093 bustum,
776 1050 979 1095 titulusque
1000 1050 1038 1084 iu
1054 1060 1239 1085 marmore
1261 1053 1378 1085 sectus

334 1108 502 1152 Occidet3
526 1108 614 1142 hinc
633 1111 790 1143 mortem
812 1109 977 1154 patieris,
998 1111 1082 1144 nate
1100 1109 1328 1145 secundani..
1355 1138 1375 1145 ..
1400 1110 1461 1156 (1),

282 1243 302 1263 »
323 1222 472 1280 Abjice
490 1223 696 1280 ingentes
718 1222 1004 1266 historiarum
1024 1224 1233 1268 sarcinas.
1245 1259 1252 1267 .
1264 1259 1291 1267 ..
1307 1224 1487 1269 Dimitte

219 1301 434 1351 Africam,
469 1300 806 1359 possessoribus
845 1301 937 1344 suis
971 1301 1124 1360 linque
1143 1318 1154 1354 ;
1192 1316 1274 1346 nec
1297 1302 1487 1360 Scipioni

218 1383 294 1422 tuo
328 1392 409 1422 nec
442 1378 521 1422 tibi
552 1379 739 1437 gloriam
762 1378 1010 1422 cumulabis
1021 1395 1032 1431 ;
1070 1379 1144 1423 ille
1174 1380 1306 1423 altius
1333 1381 1488 1438 nequit

216 1456 383 1505 extolli,
406 1460 453 1499 tu
474 1459 575 1514 post
598 1469 702 1500 eum
723 1457 903 1514 obliquo
924 1457 1034 1501 calle
1055 1458 1211 1502 niteris
1235 1457 1300 1505 (⁶2).
1327 1476 1349 1498 »

272 1534 456 1591 Jamque
483 1534 616 1578 etiam
644 1548 801 1578 versus
835 1534 1010 1578 clausos
1031 1535 1310 1580 custodiebat
1337 1538 1380 1580 et
1402 1535 1487 1578 mi-

215 1611 335 1655 nime
363 1611 535 1655 sinebat
558 1615 830 1656 euotescere.
864 1612 1009 1662 Quum
1037 1613 1276 1656 Barbatum
1311 1613 1487 1657 Sulmo-

216 1703 403 1733 nensem
434 1688 544 1732 adeo
569 1689 712 1732 fidum
737 1689 985 1742 habuisset,
1011 1694 1060 1733 ut
1090 1689 1302 1734 adhibitis
1323 1691 1377 1734 ab
1410 1705 1485 1735 eo-

218 1766 321 1809 dem
358 1766 727 1811 intercessoribus
763 1766 962 1821 cederet,
1002 1771 1046 1811 et
1081 1768 1261 1825 triginta
1297 1771 1488 1826 quatuor

218 1843 351 1887 rudes
368 1844 515 1887 adhuc
532 1844 792 1896 versiculos,
815 1857 1047 1902 nunquam
1065 1858 1172 1889 sane
1192 1844 1486 1903 publicandos

215 1921 537 1975 committeret,
583 1922 666 1966 lios
710 1922 834 1966 brevi
877 1922 1192 1967 animadvertit
1236 1923 1281 1966 in
1323 1923 1485 1982 vulgus

214 1999 389 2044 exiisse.
419 2000 530 2043 «Sic
559 2014 612 2044 ex
638 2000 713 2043 illo
741 2000 814 2044 vix
840 2000 1157 2045 bibliothecam
1187 2001 1367 2045 litterati
1400 2001 1483 2045 ho—

215 2093 236 2116 »
264 2077 398 2121 minis
419 2077 604 2122 introire
629 2077 740 2121 mihi
763 2078 962 2136 contigit,
992 2078 1067 2121 ubi
1094 2092 1186 2122 non
1212 2092 1288 2123 eos
1309 2092 1482 2131 versus,

215 2171 236 2193 »
265 2155 391 2212 quasi
409 2155 682 2213 epigramma
697 2155 809 2199 illud
824 2155 1045 2214 Apollinei
1065 2155 1252 2214 tripodis
1270 2155 1487 2214 templum

216 2248 235 2271 ³>
265 2231 577 2286 subeuntibus,
610 2232 793 2277 obvium
826 2233 871 2276 in
910 2233 1065 2277 limine
1098 2233 1262 2286 videri,
1294 2247 1486 2291 quorum

258 2434 303 2475 (1)
320 2434 357 2465 Hi
374 2443 485 2466 versus
502 2445 541 2466 ex
562 2435 632 2475 ipsa
651 2435 759 2475 Africa
778 2435 853 2477 (lib.
878 2435 914 2476 11)
936 2438 1167 2475 excerpiiiitur.

258 2491 305 2534 (2)
324 2491 407 2523 Dial.
429 2499 480 2523 111.
498 2492 541 2523 De
562 2495 750 2534 contemptu
770 2492 942 2524 mumIi.—
966 2493 1020 2524 Ed.
1046 2492 1135 2531 Bas.‚
1159 2502 1190 2532 p.
1211 2494 1286 2530 365,
1307 2494 1381 2529 367,
1406 2494 1482 2524 368.
