<?xml version="1.0" encoding="UTF-8"?>
<!DOCTYPE html PUBLIC "-//W3C//DTD XHTML 1.0 Transitional//EN"
    "http://www.w3.org/TR/xhtml1/DTD/xhtml1-transitional.dtd">
<html xmlns="http://www.w3.org/1999/xhtml" xml:lang="en" lang="en">
 <head>
  <title>
</title>
<meta http-equiv="Content-Type" content="text/html;charset=utf-8" />
  <meta name='ocr-system' content='tesseract 3.04.00' />
  <meta name='ocr-capabilities' content='ocr_page ocr_carea ocr_par ocr_line ocrx_word'/>
</head>
<body>
  <div class='ocr_page' id='page_1' title='image "africa1872petr_0166.png"; bbox 0 0 1865 2959; ppageno 0'>
   <div class='ocr_carea' id='block_1_1' title="bbox 826 195 1038 230">
    <p class='ocr_par' dir='ltr' id='par_1_1' title="bbox 826 195 1038 230">
     <span class='ocr_line' id='line_1_1' title="bbox 826 195 1038 230; baseline 0 0"><span class='ocrx_word' id='word_1_1' title='bbox 826 195 1038 230; x_wconf 75' lang='lat'><strong>—154—</strong></span> 
     </span>
    </p>
   </div>
   <div class='ocr_carea' id='block_1_2' title="bbox 280 277 1574 2061">
    <p class='ocr_par' dir='ltr' id='par_1_2' title="bbox 286 277 1402 333">
     <span class='ocr_line' id='line_1_2' title="bbox 286 277 1402 333; baseline 0.006 -18"><span class='ocrx_word' id='word_1_2' title='bbox 286 278 403 328; x_wconf 79' lang='lat' dir='ltr'>Urget</span> <span class='ocrx_word' id='word_1_3' title='bbox 423 289 586 329; x_wconf 82' lang='lat' dir='ltr'>equum,</span> <span class='ocrx_word' id='word_1_4' title='bbox 611 277 878 330; x_wconf 70' lang='lat' dir='ltr'>barathroque</span> <span class='ocrx_word' id='word_1_5' title='bbox 899 279 1037 319; x_wconf 79' lang='lat' dir='ltr'>volens</span> <span class='ocrx_word' id='word_1_6' title='bbox 1058 279 1230 320; x_wconf 85' lang='lat' dir='ltr'>infertur</span> <span class='ocrx_word' id='word_1_7' title='bbox 1251 287 1402 333; x_wconf 86' lang='lat' dir='ltr'>aperto.</span> 
     </span>
    </p>

    <p class='ocr_par' dir='ltr' id='par_1_3' title="bbox 284 350 1300 404">
     <span class='ocr_line' id='line_1_3' title="bbox 284 350 1300 404; baseline 0.005 -17"><span class='ocrx_word' id='word_1_8' title='bbox 284 351 403 388; x_wconf 83' lang='lat' dir='ltr'>Arina</span> <span class='ocrx_word' id='word_1_9' title='bbox 426 355 566 389; x_wconf 80' lang='lat' dir='ltr'>ruente</span> <span class='ocrx_word' id='word_1_10' title='bbox 585 350 671 389; x_wconf 87' lang='lat' dir='ltr'>viro</span> <span class='ocrx_word' id='word_1_11' title='bbox 692 350 824 390; x_wconf 81' lang='lat' dir='ltr'>lucem</span> <span class='ocrx_word' id='word_1_12' title='bbox 846 351 1106 404; x_wconf 72' lang='lat' dir='ltr'>sonitumque</span> <span class='ocrx_word' id='word_1_13' title='bbox 1129 352 1273 392; x_wconf 88' lang='lat' dir='ltr'>dedere</span> <span class='ocrx_word' id='word_1_14' title='bbox 1292 367 1300 402; x_wconf 89' lang='lat'>;</span> 
     </span>
    </p>

    <p class='ocr_par' dir='ltr' id='par_1_4' title="bbox 284 421 1572 546">
     <span class='ocr_line' id='line_1_4' title="bbox 284 421 1572 475; baseline 0.005 -16"><span class='ocrx_word' id='word_1_15' title='bbox 284 421 345 460; x_wconf 85' lang='lat' dir='ltr'>Fit</span> <span class='ocrx_word' id='word_1_16' title='bbox 367 421 573 473; x_wconf 74' lang='lat' dir='ltr'>strepitus,</span> <span class='ocrx_word' id='word_1_17' title='bbox 598 428 742 462; x_wconf 78' lang='lat' dir='ltr'>coeunt</span> <span class='ocrx_word' id='word_1_18' title='bbox 761 423 857 474; x_wconf 78' lang='lat' dir='ltr'>ripae</span> <span class='ocrx_word' id='word_1_19' title='bbox 875 428 913 463; x_wconf 86' lang='lat' dir='ltr'>et</span> <span class='ocrx_word' id='word_1_20' title='bbox 930 425 1160 475; x_wconf 74' lang='lat' dir='ltr'>junguntur</span> <span class='ocrx_word' id='word_1_21' title='bbox 1181 425 1222 464; x_wconf 89' lang='lat' dir='ltr'>in</span> <span class='ocrx_word' id='word_1_22' title='bbox 1245 437 1387 474; x_wconf 78' lang='lat' dir='ltr'>unuln,</span> <span class='ocrx_word' id='word_1_23' title='bbox 1495 428 1572 466; x_wconf 75' lang='lat'>585</span> 
     </span>
     <span class='ocr_line' id='line_1_5' title="bbox 284 493 1465 546; baseline 0.004 -15"><span class='ocrx_word' id='word_1_24' title='bbox 284 493 439 544; x_wconf 77' lang='lat' dir='ltr'>Vixque</span> <span class='ocrx_word' id='word_1_25' title='bbox 462 498 637 533; x_wconf 69' lang='lat' dir='ltr'>tremens</span> <span class='ocrx_word' id='word_1_26' title='bbox 658 493 833 546; x_wconf 66' lang='lat' dir='ltr'>profugae</span> <span class='ocrx_word' id='word_1_27' title='bbox 854 507 945 546; x_wconf 82' lang='lat' dir='ltr'>pars</span> <span class='ocrx_word' id='word_1_28' title='bbox 970 495 1110 535; x_wconf 82' lang='lat' dir='ltr'>ultima</span> <span class='ocrx_word' id='word_1_29' title='bbox 1132 496 1304 535; x_wconf 82' lang='lat' dir='ltr'>transilit</span> <span class='ocrx_word' id='word_1_30' title='bbox 1328 497 1465 537; x_wconf 65' lang='lat' dir='ltr'>hastae.</span> 
     </span>
    </p>

    <p class='ocr_par' dir='ltr' id='par_1_5' title="bbox 283 565 1431 619">
     <span class='ocr_line' id='line_1_6' title="bbox 283 565 1431 619; baseline 0.003 -15"><span class='ocrx_word' id='word_1_31' title='bbox 283 566 363 604; x_wconf 83' lang='lat' dir='ltr'>Ceu</span> <span class='ocrx_word' id='word_1_32' title='bbox 385 565 590 616; x_wconf 82' lang='lat' dir='ltr'>quondam</span> <span class='ocrx_word' id='word_1_33' title='bbox 610 566 826 606; x_wconf 78' lang='lat' dir='ltr'>immodico</span> <span class='ocrx_word' id='word_1_34' title='bbox 848 566 992 606; x_wconf 68' lang='lat' dir='ltr'>omium</span> <span class='ocrx_word' id='word_1_35' title='bbox 1016 567 1228 619; x_wconf 78' lang='lat' dir='ltr'>splendore</span> <span class='ocrx_word' id='word_1_36' title='bbox 1248 568 1431 617; x_wconf 77' lang='lat' dir='ltr'>dehiscit,</span> 
     </span>
    </p>

    <p class='ocr_par' dir='ltr' id='par_1_6' title="bbox 284 635 1228 690">
     <span class='ocr_line' id='line_1_7' title="bbox 284 635 1228 690; baseline 0.004 -15"><span class='ocrx_word' id='word_1_37' title='bbox 284 638 331 675; x_wconf 88' lang='lat' dir='ltr'>Et</span> <span class='ocrx_word' id='word_1_38' title='bbox 352 635 459 676; x_wconf 82' lang='lat' dir='ltr'>velut</span> <span class='ocrx_word' id='word_1_39' title='bbox 476 636 640 677; x_wconf 67' lang='lat' dir='ltr'>{etherei</span> <span class='ocrx_word' id='word_1_40' title='bbox 662 643 811 677; x_wconf 85' lang='lat' dir='ltr'>reserat</span> <span class='ocrx_word' id='word_1_41' title='bbox 830 638 1050 690; x_wconf 78' lang='lat' dir='ltr'>penetralia</span> <span class='ocrx_word' id='word_1_42' title='bbox 1070 641 1228 689; x_wconf 83' lang='lat' dir='ltr'>mundi,</span> 
     </span>
    </p>

    <p class='ocr_par' dir='ltr' id='par_1_7' title="bbox 284 708 1294 760">
     <span class='ocr_line' id='line_1_8' title="bbox 284 708 1294 760; baseline 0.004 -13"><span class='ocrx_word' id='word_1_43' title='bbox 284 708 378 747; x_wconf 85' lang='lat' dir='ltr'>inde</span> <span class='ocrx_word' id='word_1_44' title='bbox 402 709 612 760; x_wconf 89' lang='lat' dir='ltr'>repentino</span> <span class='ocrx_word' id='word_1_45' title='bbox 639 714 918 749; x_wconf 80' lang='lat' dir='ltr'>transeurrens</span> <span class='ocrx_word' id='word_1_46' title='bbox 944 710 1107 751; x_wconf 87' lang='lat' dir='ltr'>turbine</span> <span class='ocrx_word' id='word_1_47' title='bbox 1132 711 1294 752; x_wconf 81' lang='lat' dir='ltr'>flamma</span> 
     </span>
    </p>

    <p class='ocr_par' dir='ltr' id='par_1_8' title="bbox 282 780 1570 907">
     <span class='ocr_line' id='line_1_9' title="bbox 284 780 1570 834; baseline 0.005 -15"><span class='ocrx_word' id='word_1_48' title='bbox 284 781 376 820; x_wconf 89' lang='lat' dir='ltr'>Visa</span> <span class='ocrx_word' id='word_1_49' title='bbox 396 780 511 833; x_wconf 77' lang='lat' dir='ltr'>fugit,</span> <span class='ocrx_word' id='word_1_50' title='bbox 535 781 714 834; x_wconf 78' lang='lat' dir='ltr'>eoeioque</span> <span class='ocrx_word' id='word_1_51' title='bbox 733 783 837 822; x_wconf 84' lang='lat' dir='ltr'>redit</span> <span class='ocrx_word' id='word_1_52' title='bbox 859 794 930 823; x_wconf 85' lang='lat' dir='ltr'>sua</span> <span class='ocrx_word' id='word_1_53' title='bbox 954 782 1083 823; x_wconf 85' lang='lat' dir='ltr'>forma</span> <span class='ocrx_word' id='word_1_54' title='bbox 1105 796 1262 823; x_wconf 76' lang='lat' dir='ltr'>sereno.</span> <span class='ocrx_word' id='word_1_55' title='bbox 1492 788 1570 826; x_wconf 76' lang='lat'>590</span> 
     </span>
     <span class='ocr_line' id='line_1_10' title="bbox 282 852 1378 907; baseline 0.004 -15"><span class='ocrx_word' id='word_1_56' title='bbox 282 852 353 893; x_wconf 77' lang='lat' dir='ltr'>Hie</span> <span class='ocrx_word' id='word_1_57' title='bbox 373 852 443 892; x_wconf 85' lang='lat' dir='ltr'>tibi</span> <span class='ocrx_word' id='word_1_58' title='bbox 466 853 526 892; x_wconf 85' lang='lat' dir='ltr'>vir</span> <span class='ocrx_word' id='word_1_59' title='bbox 547 859 737 905; x_wconf 73' lang='lat' dir='ltr'>quantus,</span> <span class='ocrx_word' id='word_1_60' title='bbox 763 855 901 906; x_wconf 80' lang='lat' dir='ltr'>patriae</span> <span class='ocrx_word' id='word_1_61' title='bbox 924 867 1043 907; x_wconf 75' lang='lat' dir='ltr'>quom</span> <span class='ocrx_word' id='word_1_62' title='bbox 1067 856 1233 896; x_wconf 84' lang='lat' dir='ltr'>reddere</span> <span class='ocrx_word' id='word_1_63' title='bbox 1254 856 1378 896; x_wconf 86' lang='lat' dir='ltr'>vitain</span> 
     </span>
    </p>

    <p class='ocr_par' dir='ltr' id='par_1_9' title="bbox 281 925 1141 975">
     <span class='ocr_line' id='line_1_11' title="bbox 281 925 1141 975; baseline 0.002 -10"><span class='ocrx_word' id='word_1_64' title='bbox 281 926 337 965; x_wconf 80' lang='lat' dir='ltr'>Ao</span> <span class='ocrx_word' id='word_1_65' title='bbox 358 925 494 964; x_wconf 75' lang='lat' dir='ltr'>vivum</span> <span class='ocrx_word' id='word_1_66' title='bbox 515 931 629 965; x_wconf 77' lang='lat' dir='ltr'>terrae</span> <span class='ocrx_word' id='word_1_67' title='bbox 650 925 766 966; x_wconf 80' lang='lat' dir='ltr'>liceat</span> <span class='ocrx_word' id='word_1_68' title='bbox 786 926 935 967; x_wconf 77' lang='lat' dir='ltr'>dixisse</span> <span class='ocrx_word' id='word_1_69' title='bbox 959 928 1141 975; x_wconf 60' lang='lat' dir='ltr'>cadaver,</span> 
     </span>
    </p>

    <p class='ocr_par' dir='ltr' id='par_1_10' title="bbox 282 997 1231 1050">
     <span class='ocr_line' id='line_1_12' title="bbox 282 997 1231 1050; baseline 0.001 -13"><span class='ocrx_word' id='word_1_70' title='bbox 282 997 419 1037; x_wconf 77' lang='lat' dir='ltr'>Cernis</span> <span class='ocrx_word' id='word_1_71' title='bbox 439 1002 475 1037; x_wconf 89' lang='lat' dir='ltr'>et</span> <span class='ocrx_word' id='word_1_72' title='bbox 495 1003 695 1037; x_wconf 83' lang='lat' dir='ltr'>armatum</span> <span class='ocrx_word' id='word_1_73' title='bbox 716 999 876 1050; x_wconf 77' lang='lat' dir='ltr'>Stygios</span> <span class='ocrx_word' id='word_1_74' title='bbox 902 999 1084 1039; x_wconf 75' lang='lat' dir='ltr'>invisere</span> <span class='ocrx_word' id='word_1_75' title='bbox 1107 999 1231 1040; x_wconf 86' lang='lat' dir='ltr'>lucos.</span> 
     </span>
    </p>

    <p class='ocr_par' dir='ltr' id='par_1_11' title="bbox 282 1069 1256 1124">
     <span class='ocr_line' id='line_1_13' title="bbox 282 1069 1256 1124; baseline 0.003 -16"><span class='ocrx_word' id='word_1_76' title='bbox 282 1069 441 1109; x_wconf 86' lang='lat' dir='ltr'>Curtius</span> <span class='ocrx_word' id='word_1_77' title='bbox 456 1069 498 1108; x_wconf 90' lang='lat' dir='ltr'>in</span> <span class='ocrx_word' id='word_1_78' title='bbox 518 1070 666 1110; x_wconf 85' lang='lat' dir='ltr'>nostris</span> <span class='ocrx_word' id='word_1_79' title='bbox 685 1069 760 1110; x_wconf 69' lang='lat' dir='ltr'>suit,</span> <span class='ocrx_word' id='word_1_80' title='bbox 782 1071 846 1110; x_wconf 81' lang='lat' dir='ltr'>hio</span> <span class='ocrx_word' id='word_1_81' title='bbox 866 1071 1079 1111; x_wconf 75' lang='lat' dir='ltr'>annalibus</span> <span class='ocrx_word' id='word_1_82' title='bbox 1098 1072 1256 1124; x_wconf 77' lang='lat' dir='ltr'>ingens.</span> 
     </span>
    </p>

    <p class='ocr_par' dir='ltr' id='par_1_12' title="bbox 282 1140 1574 1268">
     <span class='ocr_line' id='line_1_14' title="bbox 283 1140 1574 1195; baseline 0.004 -16"><span class='ocrx_word' id='word_1_83' title='bbox 283 1141 351 1180; x_wconf 87' lang='lat' dir='ltr'>Vis</span> <span class='ocrx_word' id='word_1_84' title='bbox 370 1140 538 1181; x_wconf 85' lang='lat' dir='ltr'>referam</span> <span class='ocrx_word' id='word_1_85' title='bbox 563 1141 735 1182; x_wconf 74' lang='lat' dir='ltr'>Decios?</span> <span class='ocrx_word' id='word_1_86' title='bbox 755 1144 933 1191; x_wconf 83' lang='lat' dir='ltr'>Quorum</span> <span class='ocrx_word' id='word_1_87' title='bbox 956 1143 1063 1195; x_wconf 87' lang='lat' dir='ltr'>prior</span> <span class='ocrx_word' id='word_1_88' title='bbox 1082 1143 1145 1183; x_wconf 90' lang='lat' dir='ltr'>ille</span> <span class='ocrx_word' id='word_1_89' title='bbox 1172 1144 1333 1183; x_wconf 85' lang='lat' dir='ltr'>Latinas</span> <span class='ocrx_word' id='word_1_90' title='bbox 1497 1147 1574 1185; x_wconf 73' lang='lat'>595</span> 
     </span>
     <span class='ocr_line' id='line_1_15' title="bbox 282 1213 1315 1268; baseline 0.002 -15"><span class='ocrx_word' id='word_1_91' title='bbox 282 1215 396 1253; x_wconf 88' lang='lat' dir='ltr'>Forte</span> <span class='ocrx_word' id='word_1_92' title='bbox 416 1213 556 1253; x_wconf 81' lang='lat' dir='ltr'>videns</span> <span class='ocrx_word' id='word_1_93' title='bbox 573 1214 675 1254; x_wconf 79' lang='lat' dir='ltr'>acies</span> <span class='ocrx_word' id='word_1_94' title='bbox 697 1221 930 1254; x_wconf 85' lang='lat' dir='ltr'>nostrorum</span> <span class='ocrx_word' id='word_1_95' title='bbox 951 1220 1060 1267; x_wconf 77' lang='lat' dir='ltr'>terga</span> <span class='ocrx_word' id='word_1_96' title='bbox 1082 1221 1315 1268; x_wconf 79' lang='lat' dir='ltr'>prementes</span> 
     </span>
    </p>

    <p class='ocr_par' dir='ltr' id='par_1_13' title="bbox 280 1285 1421 1406">
     <span class='ocr_line' id='line_1_16' title="bbox 280 1285 1421 1340; baseline 0.005 -17"><span class='ocrx_word' id='word_1_97' title='bbox 280 1285 480 1335; x_wconf 71' lang='lat' dir='ltr'>Constitit,</span> <span class='ocrx_word' id='word_1_98' title='bbox 503 1286 779 1339; x_wconf 76' lang='lat' dir='ltr'>ingemuitque</span> <span class='ocrx_word' id='word_1_99' title='bbox 799 1286 936 1335; x_wconf 77' lang='lat' dir='ltr'>ferox3</span> <span class='ocrx_word' id='word_1_100' title='bbox 961 1299 1220 1339; x_wconf 71' lang='lat' dir='ltr'>1nox1nagna</span> <span class='ocrx_word' id='word_1_101' title='bbox 1239 1294 1421 1340; x_wconf 82' lang='lat' dir='ltr'>precatus</span> 
     </span>
     <span class='ocr_line' id='line_1_17' title="bbox 283 1357 1266 1406; baseline 0.005 -10"><span class='ocrx_word' id='word_1_102' title='bbox 283 1357 470 1406; x_wconf 80' lang='lat' dir='ltr'>Numina,</span> <span class='ocrx_word' id='word_1_103' title='bbox 493 1358 685 1398; x_wconf 80' lang='lat' dir='ltr'>devotum</span> <span class='ocrx_word' id='word_1_104' title='bbox 705 1359 864 1399; x_wconf 82' lang='lat' dir='ltr'>medios</span> <span class='ocrx_word' id='word_1_105' title='bbox 885 1372 925 1399; x_wconf 85' lang='lat' dir='ltr'>se</span> <span class='ocrx_word' id='word_1_106' title='bbox 939 1360 1049 1400; x_wconf 80' lang='lat' dir='ltr'>misit</span> <span class='ocrx_word' id='word_1_107' title='bbox 1067 1361 1108 1399; x_wconf 88' lang='lat' dir='ltr'>in</span> <span class='ocrx_word' id='word_1_108' title='bbox 1129 1360 1266 1401; x_wconf 84' lang='lat' dir='ltr'>hostes</span> 
     </span>
    </p>

    <p class='ocr_par' dir='ltr' id='par_1_14' title="bbox 285 1430 1220 1483">
     <span class='ocr_line' id='line_1_18' title="bbox 285 1430 1220 1483; baseline 0.003 -14"><span class='ocrx_word' id='word_1_109' title='bbox 285 1430 430 1470; x_wconf 86' lang='lat' dir='ltr'>Vittato</span> <span class='ocrx_word' id='word_1_110' title='bbox 458 1432 600 1483; x_wconf 81' lang='lat' dir='ltr'>capite,</span> <span class='ocrx_word' id='word_1_111' title='bbox 621 1437 657 1471; x_wconf 88' lang='lat' dir='ltr'>et</span> <span class='ocrx_word' id='word_1_112' title='bbox 680 1432 905 1472; x_wconf 72' lang='lat' dir='ltr'>succinctus</span> <span class='ocrx_word' id='word_1_113' title='bbox 921 1444 1033 1472; x_wconf 86' lang='lat' dir='ltr'>more</span> <span class='ocrx_word' id='word_1_114' title='bbox 1054 1433 1220 1473; x_wconf 82' lang='lat' dir='ltr'>Gabino.</span> 
     </span>
    </p>

    <p class='ocr_par' dir='ltr' id='par_1_15' title="bbox 282 1502 1574 1629">
     <span class='ocr_line' id='line_1_19' title="bbox 284 1502 1574 1558; baseline 0.005 -17"><span class='ocrx_word' id='word_1_115' title='bbox 284 1503 368 1553; x_wconf 85' lang='lat' dir='ltr'>ipse</span> <span class='ocrx_word' id='word_1_116' title='bbox 384 1502 547 1554; x_wconf 84' lang='lat' dir='ltr'>quidem</span> <span class='ocrx_word' id='word_1_117' title='bbox 561 1503 728 1555; x_wconf 78' lang='lat' dir='ltr'>ingestis</span> <span class='ocrx_word' id='word_1_118' title='bbox 749 1505 1016 1556; x_wconf 85' lang='lat' dir='ltr'>prosternitur</span> <span class='ocrx_word' id='word_1_119' title='bbox 1031 1506 1209 1558; x_wconf 86' lang='lat' dir='ltr'>undique</span> <span class='ocrx_word' id='word_1_120' title='bbox 1225 1505 1330 1546; x_wconf 83' lang='lat' dir='ltr'>telis.</span> <span class='ocrx_word' id='word_1_121' title='bbox 1496 1510 1574 1548; x_wconf 82' lang='lat'>600</span> 
     </span>
     <span class='ocr_line' id='line_1_20' title="bbox 282 1574 1099 1629; baseline 0.004 -15"><span class='ocrx_word' id='word_1_122' title='bbox 282 1574 404 1614; x_wconf 84' lang='lat' dir='ltr'>Nobis</span> <span class='ocrx_word' id='word_1_123' title='bbox 419 1581 548 1615; x_wconf 84' lang='lat' dir='ltr'>morte</span> <span class='ocrx_word' id='word_1_124' title='bbox 574 1587 645 1615; x_wconf 83' lang='lat' dir='ltr'>sua</span> <span class='ocrx_word' id='word_1_125' title='bbox 660 1576 825 1616; x_wconf 80' lang='lat' dir='ltr'>victoria</span> <span class='ocrx_word' id='word_1_126' title='bbox 846 1577 1011 1629; x_wconf 73' lang='lat' dir='ltr'>contigit</span> <span class='ocrx_word' id='word_1_127' title='bbox 1034 1577 1099 1617; x_wconf 93' lang='lat' dir='ltr'>illo</span> 
     </span>
    </p>

    <p class='ocr_par' dir='ltr' id='par_1_16' title="bbox 283 1647 1398 1703">
     <span class='ocr_line' id='line_1_21' title="bbox 283 1647 1398 1703; baseline 0.004 -17"><span class='ocrx_word' id='word_1_128' title='bbox 283 1648 397 1686; x_wconf 85' lang='lat' dir='ltr'>Certa</span> <span class='ocrx_word' id='word_1_129' title='bbox 423 1647 501 1695; x_wconf 75' lang='lat' dir='ltr'>die,</span> <span class='ocrx_word' id='word_1_130' title='bbox 525 1659 741 1700; x_wconf 80' lang='lat' dir='ltr'>secumque</span> <span class='ocrx_word' id='word_1_131' title='bbox 764 1648 884 1688; x_wconf 83' lang='lat' dir='ltr'>simul</span> <span class='ocrx_word' id='word_1_132' title='bbox 906 1660 1021 1688; x_wconf 89' lang='lat' dir='ltr'>mens</span> <span class='ocrx_word' id='word_1_133' title='bbox 1044 1661 1144 1689; x_wconf 76' lang='lat' dir='ltr'>caeea</span> <span class='ocrx_word' id='word_1_134' title='bbox 1170 1654 1398 1703; x_wconf 85' lang='lat' dir='ltr'>tremorque</span> 
     </span>
    </p>

    <p class='ocr_par' dir='ltr' id='par_1_17' title="bbox 282 1719 1237 1761">
     <span class='ocr_line' id='line_1_22' title="bbox 282 1719 1237 1761; baseline 0.004 -4"><span class='ocrx_word' id='word_1_135' title='bbox 282 1719 423 1758; x_wconf 85' lang='lat' dir='ltr'>Omnis</span> <span class='ocrx_word' id='word_1_136' title='bbox 439 1719 482 1758; x_wconf 94' lang='lat' dir='ltr'>in</span> <span class='ocrx_word' id='word_1_137' title='bbox 503 1720 693 1759; x_wconf 84' lang='lat' dir='ltr'>adversos</span> <span class='ocrx_word' id='word_1_138' title='bbox 709 1720 840 1760; x_wconf 83' lang='lat' dir='ltr'>subito</span> <span class='ocrx_word' id='word_1_139' title='bbox 863 1721 1055 1761; x_wconf 77' lang='lat' dir='ltr'>transisse</span> <span class='ocrx_word' id='word_1_140' title='bbox 1075 1721 1237 1761; x_wconf 87' lang='lat' dir='ltr'>Latinos</span> 
     </span>
    </p>

    <p class='ocr_par' dir='ltr' id='par_1_18' title="bbox 282 1791 1341 1845">
     <span class='ocr_line' id='line_1_23' title="bbox 282 1791 1341 1845; baseline 0.002 -14"><span class='ocrx_word' id='word_1_141' title='bbox 282 1791 466 1831; x_wconf 81' lang='lat' dir='ltr'>Creditur</span> <span class='ocrx_word' id='word_1_142' title='bbox 485 1805 493 1830; x_wconf 78' lang='lat' dir='ltr'><strong><em>z</em></strong></span> <span class='ocrx_word' id='word_1_143' title='bbox 517 1791 599 1844; x_wconf 88' lang='lat' dir='ltr'>ipse</span> <span class='ocrx_word' id='word_1_144' title='bbox 621 1791 761 1832; x_wconf 85' lang='lat' dir='ltr'>habitu</span> <span class='ocrx_word' id='word_1_145' title='bbox 783 1792 967 1832; x_wconf 77' lang='lat' dir='ltr'>horrifico</span> <span class='ocrx_word' id='word_1_146' title='bbox 991 1793 1234 1845; x_wconf 84' lang='lat' dir='ltr'>spectabilis,</span> <span class='ocrx_word' id='word_1_147' title='bbox 1256 1798 1341 1834; x_wconf 86' lang='lat' dir='ltr'>atro</span> 
     </span>
    </p>

    <p class='ocr_par' dir='ltr' id='par_1_19' title="bbox 281 1863 1573 1989">
     <span class='ocr_line' id='line_1_24' title="bbox 281 1863 1573 1916; baseline 0.003 -14"><span class='ocrx_word' id='word_1_148' title='bbox 281 1863 418 1903; x_wconf 72' lang='lat' dir='ltr'>Celsus</span> <span class='ocrx_word' id='word_1_149' title='bbox 438 1875 539 1916; x_wconf 82' lang='lat' dir='ltr'>equo</span> <span class='ocrx_word' id='word_1_150' title='bbox 564 1864 773 1916; x_wconf 71' lang='lat' dir='ltr'>specieque</span> <span class='ocrx_word' id='word_1_151' title='bbox 799 1864 978 1904; x_wconf 86' lang='lat' dir='ltr'>humana</span> <span class='ocrx_word' id='word_1_152' title='bbox 995 1865 1200 1916; x_wconf 75' lang='lat' dir='ltr'>augustior</span> <span class='ocrx_word' id='word_1_153' title='bbox 1220 1865 1278 1905; x_wconf 87' lang='lat' dir='ltr'>ire</span> <span class='ocrx_word' id='word_1_154' title='bbox 1495 1867 1573 1906; x_wconf 82' lang='lat'>605</span> 
     </span>
     <span class='ocr_line' id='line_1_25' title="bbox 281 1935 1280 1989; baseline 0.004 -16"><span class='ocrx_word' id='word_1_155' title='bbox 281 1935 401 1975; x_wconf 83' lang='lat' dir='ltr'>Visus</span> <span class='ocrx_word' id='word_1_156' title='bbox 421 1941 517 1975; x_wconf 82' lang='lat' dir='ltr'>erat.</span> <span class='ocrx_word' id='word_1_157' title='bbox 541 1936 684 1976; x_wconf 77' lang='lat' dir='ltr'>Decius</span> <span class='ocrx_word' id='word_1_158' title='bbox 705 1949 825 1989; x_wconf 81' lang='lat' dir='ltr'>parvo</span> <span class='ocrx_word' id='word_1_159' title='bbox 846 1943 935 1989; x_wconf 82' lang='lat' dir='ltr'>post</span> <span class='ocrx_word' id='word_1_160' title='bbox 959 1942 1139 1989; x_wconf 85' lang='lat' dir='ltr'>tempore</span> <span class='ocrx_word' id='word_1_161' title='bbox 1160 1942 1280 1977; x_wconf 81' lang='lat' dir='ltr'>natus</span> 
     </span>
    </p>

    <p class='ocr_par' dir='ltr' id='par_1_20' title="bbox 280 2007 1294 2061">
     <span class='ocr_line' id='line_1_26' title="bbox 280 2007 1294 2061; baseline 0.002 -15"><span class='ocrx_word' id='word_1_162' title='bbox 280 2008 376 2047; x_wconf 79' lang='lat' dir='ltr'>Jure</span> <span class='ocrx_word' id='word_1_163' title='bbox 397 2007 505 2048; x_wconf 84' lang='lat' dir='ltr'>velut</span> <span class='ocrx_word' id='word_1_164' title='bbox 526 2009 683 2060; x_wconf 86' lang='lat' dir='ltr'>proprio</span> <span class='ocrx_word' id='word_1_165' title='bbox 698 2008 973 2061; x_wconf 80' lang='lat' dir='ltr'>pugnantibus</span> <span class='ocrx_word' id='word_1_166' title='bbox 991 2009 1150 2061; x_wconf 80' lang='lat' dir='ltr'>agmine</span> <span class='ocrx_word' id='word_1_167' title='bbox 1170 2008 1294 2049; x_wconf 83' lang='lat' dir='ltr'>Gallis</span> 
     </span>
    </p>
   </div>
   <div class='ocr_carea' id='block_1_3' title="bbox 282 2201 1573 2531">
    <p class='ocr_par' dir='ltr' id='par_1_21' title="bbox 284 2201 1573 2291">
     <span class='ocr_line' id='line_1_27' title="bbox 329 2201 1573 2247; baseline 0.002 -14"><span class='ocrx_word' id='word_1_168' title='bbox 329 2203 405 2233; x_wconf 87' lang='grc'><strong>586.</strong></span> <span class='ocrx_word' id='word_1_169' title='bbox 432 2201 548 2243; x_wconf 83' lang='lat' dir='ltr'>Virque</span> <span class='ocrx_word' id='word_1_170' title='bbox 567 2211 700 2244; x_wconf 82' lang='lat' dir='ltr'>sequens</span> <span class='ocrx_word' id='word_1_171' title='bbox 720 2202 868 2235; x_wconf 70' lang='lat' dir='ltr'>tremulae</span> <span class='ocrx_word' id='word_1_172' title='bbox 895 2203 928 2234; x_wconf 91' lang='lat' dir='ltr'>in</span> <span class='ocrx_word' id='word_1_173' title='bbox 949 2204 1002 2236; x_wconf 87' lang='lat' dir='ltr'>ed.</span> <span class='ocrx_word' id='word_1_174' title='bbox 1025 2203 1115 2242; x_wconf 63' lang='lat' dir='ltr'>Bas„</span> <span class='ocrx_word' id='word_1_175' title='bbox 1133 2202 1251 2245; x_wconf 72' lang='lat' dir='ltr'>vixque</span> <span class='ocrx_word' id='word_1_176' title='bbox 1271 2206 1412 2236; x_wconf 82' lang='lat' dir='ltr'>tremens</span> <span class='ocrx_word' id='word_1_177' title='bbox 1427 2203 1573 2247; x_wconf 76' lang='lat' dir='ltr'>profuyoe</span> 
     </span>
     <span class='ocr_line' id='line_1_28' title="bbox 284 2259 573 2291; baseline -0.003 0"><span class='ocrx_word' id='word_1_178' title='bbox 284 2259 316 2291; x_wconf 92' lang='lat' dir='ltr'>in</span> <span class='ocrx_word' id='word_1_179' title='bbox 337 2260 492 2291; x_wconf 87' lang='lat' dir='ltr'>omnibus</span> <span class='ocrx_word' id='word_1_180' title='bbox 513 2269 573 2291; x_wconf 87' lang='lat' dir='ltr'>ms.</span> 
     </span>
    </p>

    <p class='ocr_par' dir='ltr' id='par_1_22' title="bbox 329 2315 1481 2356">
     <span class='ocr_line' id='line_1_29' title="bbox 329 2315 1481 2356; baseline 0.003 -9"><span class='ocrx_word' id='word_1_181' title='bbox 329 2318 404 2348; x_wconf 84' lang='lat'>589.</span> <span class='ocrx_word' id='word_1_182' title='bbox 429 2315 698 2349; x_wconf 79' lang='lat' dir='ltr'>Transcurrentes</span> <span class='ocrx_word' id='word_1_183' title='bbox 719 2316 752 2348; x_wconf 92' lang='lat' dir='ltr'>in</span> <span class='ocrx_word' id='word_1_184' title='bbox 771 2317 823 2349; x_wconf 87' lang='lat' dir='ltr'>ed.</span> <span class='ocrx_word' id='word_1_185' title='bbox 843 2317 932 2356; x_wconf 62' lang='lat' dir='ltr'>Bas„</span> <span class='ocrx_word' id='word_1_186' title='bbox 954 2320 1180 2350; x_wconf 81' lang='lat' dir='ltr'>transcurrens</span> <span class='ocrx_word' id='word_1_187' title='bbox 1194 2316 1226 2348; x_wconf 91' lang='lat' dir='ltr'>in</span> <span class='ocrx_word' id='word_1_188' title='bbox 1247 2317 1400 2350; x_wconf 88' lang='lat' dir='ltr'>omnibus</span> <span class='ocrx_word' id='word_1_189' title='bbox 1420 2327 1481 2350; x_wconf 88' lang='lat' dir='ltr'>ms.</span> 
     </span>
    </p>

    <p class='ocr_par' dir='ltr' id='par_1_23' title="bbox 328 2372 1342 2416">
     <span class='ocr_line' id='line_1_30' title="bbox 328 2372 1342 2416; baseline 0.003 -12"><span class='ocrx_word' id='word_1_190' title='bbox 328 2375 405 2405; x_wconf 88' lang='grc'><strong>605.</strong></span> <span class='ocrx_word' id='word_1_191' title='bbox 428 2372 605 2416; x_wconf 71' lang='grc' dir='ltr'>Αηρηεῑίον</span> <span class='ocrx_word' id='word_1_192' title='bbox 625 2374 656 2406; x_wconf 91' lang='lat' dir='ltr'>in</span> <span class='ocrx_word' id='word_1_193' title='bbox 675 2376 727 2406; x_wconf 86' lang='lat' dir='ltr'>ed.</span> <span class='ocrx_word' id='word_1_194' title='bbox 752 2376 841 2414; x_wconf 86' lang='lat' dir='ltr'>Bas.‚</span> <span class='ocrx_word' id='word_1_195' title='bbox 863 2376 1034 2416; x_wconf 74' lang='lat' dir='ltr'>auquslior</span> <span class='ocrx_word' id='word_1_196' title='bbox 1051 2375 1085 2407; x_wconf 89' lang='lat' dir='ltr'>in</span> <span class='ocrx_word' id='word_1_197' title='bbox 1106 2375 1257 2407; x_wconf 87' lang='lat' dir='ltr'>omnibus</span> <span class='ocrx_word' id='word_1_198' title='bbox 1281 2385 1342 2407; x_wconf 80' lang='lat' dir='ltr'>nis.</span> 
     </span>
    </p>

    <p class='ocr_par' dir='ltr' id='par_1_24' title="bbox 282 2429 1568 2531">
     <span class='ocr_line' id='line_1_31' title="bbox 327 2429 1568 2473; baseline 0.003 -12"><span class='ocrx_word' id='word_1_199' title='bbox 327 2431 404 2461; x_wconf 86' lang='grc'>606.</span> <span class='ocrx_word' id='word_1_200' title='bbox 427 2431 530 2463; x_wconf 84' lang='lat' dir='ltr'>Decus</span> <span class='ocrx_word' id='word_1_201' title='bbox 555 2429 590 2462; x_wconf 81' lang='lat' dir='ltr'>id</span> <span class='ocrx_word' id='word_1_202' title='bbox 620 2431 652 2462; x_wconf 86' lang='lat' dir='ltr'>in</span> <span class='ocrx_word' id='word_1_203' title='bbox 680 2432 732 2463; x_wconf 88' lang='lat' dir='ltr'>ed.</span> <span class='ocrx_word' id='word_1_204' title='bbox 764 2432 855 2471; x_wconf 61' lang='lat' dir='ltr'>Bas„</span> <span class='ocrx_word' id='word_1_205' title='bbox 877 2432 993 2465; x_wconf 83' lang='lat' dir='ltr'>Decius</span> <span class='ocrx_word' id='word_1_206' title='bbox 1015 2431 1047 2464; x_wconf 83' lang='lat' dir='ltr'>id</span> <span class='ocrx_word' id='word_1_207' title='bbox 1069 2432 1099 2463; x_wconf 89' lang='lat' dir='ltr'>in</span> <span class='ocrx_word' id='word_1_208' title='bbox 1133 2442 1193 2464; x_wconf 78' lang='lat' dir='ltr'>ins.</span> <span class='ocrx_word' id='word_1_209' title='bbox 1225 2433 1270 2473; x_wconf 78' lang='lat' dir='ltr'>A,</span> <span class='ocrx_word' id='word_1_210' title='bbox 1291 2433 1327 2464; x_wconf 89' lang='grc' dir='ltr'>Ε.</span> <span class='ocrx_word' id='word_1_211' title='bbox 1349 2431 1430 2465; x_wconf 86' lang='lat' dir='ltr'>Tolli</span> <span class='ocrx_word' id='word_1_212' title='bbox 1459 2433 1568 2465; x_wconf 83' lang='lat' dir='ltr'>autem</span> 
     </span>
     <span class='ocr_line' id='line_1_32' title="bbox 282 2487 858 2531; baseline 0 -9"><span class='ocrx_word' id='word_1_213' title='bbox 282 2487 378 2523; x_wconf 82' lang='lat' dir='ltr'>debet</span> <span class='ocrx_word' id='word_1_214' title='bbox 398 2487 432 2520; x_wconf 86' lang='lat' dir='ltr'>id</span> <span class='ocrx_word' id='word_1_215' title='bbox 451 2487 583 2521; x_wconf 90' lang='lat' dir='ltr'>omnino</span> <span class='ocrx_word' id='word_1_216' title='bbox 602 2497 858 2531; x_wconf 84' lang='lat' dir='ltr'>supervacuum.</span> 
     </span>
    </p>
   </div>
  </div>
 </body>
</html>
