<?xml version="1.0" encoding="UTF-8"?>
<!DOCTYPE html PUBLIC "-//W3C//DTD XHTML 1.0 Transitional//EN"
    "http://www.w3.org/TR/xhtml1/DTD/xhtml1-transitional.dtd">
<html xmlns="http://www.w3.org/1999/xhtml" xml:lang="en" lang="en">
 <head>
  <title>
</title>
<meta http-equiv="Content-Type" content="text/html;charset=utf-8" />
  <meta name='ocr-system' content='tesseract 3.04.00' />
  <meta name='ocr-capabilities' content='ocr_page ocr_carea ocr_par ocr_line ocrx_word'/>
</head>
<body>
  <div class='ocr_page' id='page_1' title='image "africa1872petr_0397.png"; bbox 0 0 1865 2959; ppageno 0'>
   <div class='ocr_carea' id='block_1_1' title="bbox 818 250 1021 281">
    <p class='ocr_par' dir='ltr' id='par_1_1' title="bbox 818 250 1021 281">
     <span class='ocr_line' id='line_1_1' title="bbox 818 250 1021 281; baseline -0.005 0"><span class='ocrx_word' id='word_1_1' title='bbox 818 269 856 273; x_wconf 73' lang='lat'>—</span> <span class='ocrx_word' id='word_1_2' title='bbox 885 250 953 281; x_wconf 63' lang='lat'>:3853</span> <span class='ocrx_word' id='word_1_3' title='bbox 983 269 1021 273; x_wconf 91' lang='lat'>-—</span> 
     </span>
    </p>
   </div>
   <div class='ocr_carea' id='block_1_2' title="bbox 282 330 1561 2524">
    <p class='ocr_par' dir='ltr' id='par_1_2' title="bbox 283 330 1416 384">
     <span class='ocr_line' id='line_1_2' title="bbox 283 330 1416 384; baseline 0.003 -15"><span class='ocrx_word' id='word_1_4' title='bbox 283 334 445 384; x_wconf 83' lang='lat' dir='ltr'>Quoque</span> <span class='ocrx_word' id='word_1_5' title='bbox 465 332 582 371; x_wconf 86' lang='lat' dir='ltr'>modo</span> <span class='ocrx_word' id='word_1_6' title='bbox 601 336 782 371; x_wconf 84' lang='lat' dir='ltr'>matrona</span> <span class='ocrx_word' id='word_1_7' title='bbox 801 333 942 372; x_wconf 85' lang='lat' dir='ltr'>Jovem</span> <span class='ocrx_word' id='word_1_8' title='bbox 961 330 1184 383; x_wconf 72' lang='lat' dir='ltr'>mulierque</span> <span class='ocrx_word' id='word_1_9' title='bbox 1206 336 1416 383; x_wconf 84' lang='lat' dir='ltr'>precentur</span> 
     </span>
    </p>

    <p class='ocr_par' dir='ltr' id='par_1_3' title="bbox 284 401 1196 454">
     <span class='ocr_line' id='line_1_3' title="bbox 284 401 1196 454; baseline -0.001 -12"><span class='ocrx_word' id='word_1_10' title='bbox 284 405 333 442; x_wconf 88' lang='lat' dir='ltr'>Et</span> <span class='ocrx_word' id='word_1_11' title='bbox 353 403 513 442; x_wconf 82' lang='lat' dir='ltr'>tandein</span> <span class='ocrx_word' id='word_1_12' title='bbox 536 403 671 454; x_wconf 84' lang='lat' dir='ltr'>generi</span> <span class='ocrx_word' id='word_1_13' title='bbox 689 401 816 442; x_wconf 87' lang='lat' dir='ltr'>fertur</span> <span class='ocrx_word' id='word_1_14' title='bbox 842 402 1038 442; x_wconf 85' lang='lat' dir='ltr'>sententia</span> <span class='ocrx_word' id='word_1_15' title='bbox 1063 404 1196 454; x_wconf 72' lang='lat' dir='ltr'>jtist03</span> 
     </span>
    </p>

    <p class='ocr_par' dir='ltr' id='par_1_4' title="bbox 283 473 1553 594">
     <span class='ocr_line' id='line_1_4' title="bbox 283 473 1553 526; baseline 0.002 -13"><span class='ocrx_word' id='word_1_16' title='bbox 283 473 518 514; x_wconf 78' lang='lat' dir='ltr'>Hannibalis</span> <span class='ocrx_word' id='word_1_17' title='bbox 534 485 611 526; x_wconf 84' lang='lat' dir='ltr'>qno</span> <span class='ocrx_word' id='word_1_18' title='bbox 634 485 746 513; x_wconf 84' lang='lat' dir='ltr'>more</span> <span class='ocrx_word' id='word_1_19' title='bbox 767 473 900 524; x_wconf 82' lang='lat' dir='ltr'>fugam</span> <span class='ocrx_word' id='word_1_20' title='bbox 918 485 987 525; x_wconf 86' lang='lat' dir='ltr'>per</span> <span class='ocrx_word' id='word_1_21' title='bbox 1007 473 1148 524; x_wconf 85' lang='lat' dir='ltr'>gandia</span> <span class='ocrx_word' id='word_1_22' title='bbox 1164 480 1298 514; x_wconf 86' lang='lat' dir='ltr'>mente</span> <span class='ocrx_word' id='word_1_23' title='bbox 1478 477 1553 515; x_wconf 74' lang='lat'>100</span> 
     </span>
     <span class='ocr_line' id='line_1_5' title="bbox 285 543 1166 594; baseline -0.001 -10"><span class='ocrx_word' id='word_1_24' title='bbox 285 545 427 584; x_wconf 73' lang='lat' dir='ltr'>Laelins</span> <span class='ocrx_word' id='word_1_25' title='bbox 449 545 605 594; x_wconf 53' lang='lat' dir='ltr'>educatg</span> <span class='ocrx_word' id='word_1_26' title='bbox 629 545 813 584; x_wconf 82' lang='lat' dir='ltr'>ductores</span> <span class='ocrx_word' id='word_1_27' title='bbox 832 543 1007 584; x_wconf 87' lang='lat' dir='ltr'>conferat</span> <span class='ocrx_word' id='word_1_28' title='bbox 1026 556 1166 584; x_wconf 87' lang='lat' dir='ltr'>omnes</span> 
     </span>
    </p>

    <p class='ocr_par' dir='ltr' id='par_1_5' title="bbox 286 615 1275 668">
     <span class='ocr_line' id='line_1_6' title="bbox 286 615 1275 668; baseline 0 -12"><span class='ocrx_word' id='word_1_29' title='bbox 286 619 517 662; x_wconf 70' lang='lat' dir='ltr'>Armorum,</span> <span class='ocrx_word' id='word_1_30' title='bbox 540 621 629 668; x_wconf 86' lang='lat' dir='ltr'>post</span> <span class='ocrx_word' id='word_1_31' title='bbox 647 616 691 655; x_wconf 88' lang='lat' dir='ltr'>fit</span> <span class='ocrx_word' id='word_1_32' title='bbox 709 616 900 668; x_wconf 81' lang='lat' dir='ltr'>Carthago</span> <span class='ocrx_word' id='word_1_33' title='bbox 922 615 1072 667; x_wconf 84' lang='lat' dir='ltr'>perfida</span> <span class='ocrx_word' id='word_1_34' title='bbox 1093 616 1275 668; x_wconf 78' lang='lat' dir='ltr'>suppleX.</span> 
     </span>
    </p>

    <p class='ocr_par' dir='ltr' id='par_1_6' title="bbox 284 688 1279 740">
     <span class='ocr_line' id='line_1_7' title="bbox 284 688 1279 740; baseline -0.001 -12"><span class='ocrx_word' id='word_1_35' title='bbox 284 688 459 728; x_wconf 88' lang='lat' dir='ltr'>Navibus</span> <span class='ocrx_word' id='word_1_36' title='bbox 478 688 675 728; x_wconf 79' lang='lat' dir='ltr'>ambustis</span> <span class='ocrx_word' id='word_1_37' title='bbox 699 688 831 740; x_wconf 77' lang='lat' dir='ltr'>Libyae</span> <span class='ocrx_word' id='word_1_38' title='bbox 852 693 956 727; x_wconf 85' lang='lat' dir='ltr'>secat</span> <span class='ocrx_word' id='word_1_39' title='bbox 973 699 1131 740; x_wconf 79' lang='lat' dir='ltr'>aequora</span> <span class='ocrx_word' id='word_1_40' title='bbox 1155 688 1279 727; x_wconf 86' lang='lat' dir='ltr'>victor</span> 
     </span>
    </p>

    <p class='ocr_par' dir='ltr' id='par_1_7' title="bbox 287 759 1337 812">
     <span class='ocr_line' id='line_1_8' title="bbox 287 759 1337 812; baseline -0.001 -13"><span class='ocrx_word' id='word_1_41' title='bbox 287 760 432 799; x_wconf 85' lang='lat' dir='ltr'>Lucida</span> <span class='ocrx_word' id='word_1_42' title='bbox 451 759 704 812; x_wconf 85' lang='lat' dir='ltr'>tranquillus,</span> <span class='ocrx_word' id='word_1_43' title='bbox 732 764 943 811; x_wconf 75' lang='lat' dir='ltr'><strong>vatemque</strong></span> <span class='ocrx_word' id='word_1_44' title='bbox 963 759 1129 811; x_wconf 81' lang='lat' dir='ltr'>requirit</span> <span class='ocrx_word' id='word_1_45' title='bbox 1148 759 1337 798; x_wconf 85' lang='lat' dir='ltr'>amicum.</span> 
     </span>
    </p>

    <p class='ocr_par' dir='ltr' id='par_1_8' title="bbox 284 830 1552 954">
     <span class='ocr_line' id='line_1_9' title="bbox 285 830 1552 883; baseline 0 -14"><span class='ocrx_word' id='word_1_46' title='bbox 285 831 439 870; x_wconf 83' lang='lat' dir='ltr'>Ennius</span> <span class='ocrx_word' id='word_1_47' title='bbox 460 831 693 883; x_wconf 79' lang='lat' dir='ltr'>omnigenas</span> <span class='ocrx_word' id='word_1_48' title='bbox 714 835 847 870; x_wconf 86' lang='lat' dir='ltr'>narrat</span> <span class='ocrx_word' id='word_1_49' title='bbox 872 842 941 882; x_wconf 88' lang='lat' dir='ltr'>per</span> <span class='ocrx_word' id='word_1_50' title='bbox 961 830 1117 870; x_wconf 85' lang='lat' dir='ltr'>somnia</span> <span class='ocrx_word' id='word_1_51' title='bbox 1135 835 1258 870; x_wconf 87' lang='lat' dir='ltr'>vates.</span> <span class='ocrx_word' id='word_1_52' title='bbox 1478 834 1552 872; x_wconf 74' lang='lat'>105</span> 
     </span>
     <span class='ocr_line' id='line_1_10' title="bbox 284 901 1250 954; baseline 0 -13"><span class='ocrx_word' id='word_1_53' title='bbox 284 903 363 941; x_wconf 86' lang='lat' dir='ltr'>Nos</span> <span class='ocrx_word' id='word_1_54' title='bbox 382 913 540 954; x_wconf 85' lang='lat' dir='ltr'>quoque</span> <span class='ocrx_word' id='word_1_55' title='bbox 561 901 774 953; x_wconf 79' lang='lat' dir='ltr'>vulgantur</span> <span class='ocrx_word' id='word_1_56' title='bbox 795 902 901 942; x_wconf 85' lang='lat' dir='ltr'>Graii</span> <span class='ocrx_word' id='word_1_57' title='bbox 920 902 1110 953; x_wconf 74' lang='lat' dir='ltr'>praesagia</span> <span class='ocrx_word' id='word_1_58' title='bbox 1135 902 1250 941; x_wconf 85' lang='lat' dir='ltr'>vatis.</span> 
     </span>
    </p>

    <p class='ocr_par' dir='ltr' id='par_1_9' title="bbox 285 973 1344 1025">
     <span class='ocr_line' id='line_1_11' title="bbox 285 973 1344 1025; baseline 0.001 -13"><span class='ocrx_word' id='word_1_59' title='bbox 285 975 354 1012; x_wconf 89' lang='lat' dir='ltr'>Est</span> <span class='ocrx_word' id='word_1_60' title='bbox 372 984 502 1024; x_wconf 81' lang='lat' dir='ltr'>operae</span> <span class='ocrx_word' id='word_1_61' title='bbox 516 973 688 1025; x_wconf 84' lang='lat' dir='ltr'>pretium</span> <span class='ocrx_word' id='word_1_62' title='bbox 708 973 919 1013; x_wconf 77' lang='lat' dir='ltr'>decernere</span> <span class='ocrx_word' id='word_1_63' title='bbox 946 978 1086 1013; x_wconf 82' lang='lat' dir='ltr'>cuncta</span> <span class='ocrx_word' id='word_1_64' title='bbox 1102 985 1113 1023; x_wconf 90' lang='lat'>;</span> <span class='ocrx_word' id='word_1_65' title='bbox 1136 973 1232 1025; x_wconf 85' lang='lat' dir='ltr'>quid</span> <span class='ocrx_word' id='word_1_66' title='bbox 1253 985 1344 1025; x_wconf 79' lang='lat' dir='ltr'>ergo</span> 
     </span>
    </p>

    <p class='ocr_par' dir='ltr' id='par_1_10' title="bbox 284 1044 1378 1097">
     <span class='ocr_line' id='line_1_12' title="bbox 284 1044 1378 1097; baseline 0.001 -14"><span class='ocrx_word' id='word_1_67' title='bbox 284 1044 399 1084; x_wconf 87' lang='lat' dir='ltr'>Haud</span> <span class='ocrx_word' id='word_1_68' title='bbox 419 1050 479 1084; x_wconf 83' lang='lat' dir='ltr'>est</span> <span class='ocrx_word' id='word_1_69' title='bbox 499 1049 580 1084; x_wconf 84' lang='lat' dir='ltr'>tam</span> <span class='ocrx_word' id='word_1_70' title='bbox 600 1056 793 1096; x_wconf 82' lang='lat' dir='ltr'>properus</span> <span class='ocrx_word' id='word_1_71' title='bbox 811 1044 919 1084; x_wconf 84' lang='lat' dir='ltr'>velut</span> <span class='ocrx_word' id='word_1_72' title='bbox 934 1045 983 1085; x_wconf 86' lang='lat' dir='ltr'>ad</span> <span class='ocrx_word' id='word_1_73' title='bbox 1001 1045 1179 1096; x_wconf 79' lang='lat' dir='ltr'>vulgaria</span> <span class='ocrx_word' id='word_1_74' title='bbox 1202 1056 1378 1097; x_wconf 69' lang='lat' dir='ltr'>praeceps</span> 
     </span>
    </p>

    <p class='ocr_par' dir='ltr' id='par_1_11' title="bbox 284 1115 1246 1168">
     <span class='ocr_line' id='line_1_13' title="bbox 284 1115 1246 1168; baseline -0.001 -12"><span class='ocrx_word' id='word_1_75' title='bbox 284 1115 413 1167; x_wconf 80' lang='lat' dir='ltr'>Scipio</span> <span class='ocrx_word' id='word_1_76' title='bbox 435 1116 673 1168; x_wconf 84' lang='lat' dir='ltr'>conspicuus</span> <span class='ocrx_word' id='word_1_77' title='bbox 695 1118 908 1156; x_wconf 72' lang='lat' dir='ltr'>Poenorum</span> <span class='ocrx_word' id='word_1_78' title='bbox 930 1121 1056 1156; x_wconf 86' lang='lat' dir='ltr'>terror</span> <span class='ocrx_word' id='word_1_79' title='bbox 1077 1121 1115 1155; x_wconf 89' lang='lat' dir='ltr'>et</span> <span class='ocrx_word' id='word_1_80' title='bbox 1134 1121 1246 1156; x_wconf 83' lang='lat' dir='ltr'>astus</span> 
     </span>
    </p>

    <p class='ocr_par' dir='ltr' id='par_1_12' title="bbox 284 1188 1556 1383">
     <span class='ocr_line' id='line_1_14' title="bbox 285 1188 1556 1240; baseline 0.001 -13"><span class='ocrx_word' id='word_1_81' title='bbox 285 1188 471 1227; x_wconf 77' lang='lat' dir='ltr'>Doctior?</span> <span class='ocrx_word' id='word_1_82' title='bbox 494 1189 543 1227; x_wconf 89' lang='lat' dir='ltr'>Ut</span> <span class='ocrx_word' id='word_1_83' title='bbox 569 1188 707 1234; x_wconf 63' lang='lat' dir='ltr'>sentis,</span> <span class='ocrx_word' id='word_1_84' title='bbox 730 1189 1007 1228; x_wconf 78' lang='lat' dir='ltr'>moderantem</span> <span class='ocrx_word' id='word_1_85' title='bbox 1022 1188 1132 1228; x_wconf 80' lang='lat' dir='ltr'>nulla</span> <span class='ocrx_word' id='word_1_86' title='bbox 1156 1188 1338 1240; x_wconf 82' lang='lat' dir='ltr'>voluptas</span> <span class='ocrx_word' id='word_1_87' title='bbox 1481 1191 1556 1228; x_wconf 83' lang='grc' dir='ltr'>ΜΟ</span> 
     </span>
     <span class='ocr_line' id='line_1_15' title="bbox 287 1259 1280 1311; baseline 0.001 -14"><span class='ocrx_word' id='word_1_88' title='bbox 287 1259 444 1310; x_wconf 76' lang='lat' dir='ltr'>Ingerit.</span> <span class='ocrx_word' id='word_1_89' title='bbox 468 1259 537 1298; x_wconf 91' lang='lat' dir='ltr'>Hic</span> <span class='ocrx_word' id='word_1_90' title='bbox 558 1271 691 1299; x_wconf 84' lang='lat' dir='ltr'>secum</span> <span class='ocrx_word' id='word_1_91' title='bbox 713 1260 915 1299; x_wconf 85' lang='lat' dir='ltr'>venientia</span> <span class='ocrx_word' id='word_1_92' title='bbox 939 1264 1119 1311; x_wconf 85' lang='lat' dir='ltr'>tempora</span> <span class='ocrx_word' id='word_1_93' title='bbox 1138 1264 1280 1311; x_wconf 86' lang='lat' dir='ltr'>pensat</span> 
     </span>
     <span class='ocr_line' id='line_1_16' title="bbox 284 1331 1227 1383; baseline 0.002 -14"><span class='ocrx_word' id='word_1_94' title='bbox 284 1332 572 1383; x_wconf 74' lang='lat' dir='ltr'>Exspectatqne</span> <span class='ocrx_word' id='word_1_95' title='bbox 591 1331 719 1371; x_wconf 84' lang='lat' dir='ltr'>libens</span> <span class='ocrx_word' id='word_1_96' title='bbox 740 1344 834 1371; x_wconf 81' lang='lat' dir='ltr'>auro</span> <span class='ocrx_word' id='word_1_97' title='bbox 853 1332 1038 1371; x_wconf 85' lang='lat' dir='ltr'>redimita</span> <span class='ocrx_word' id='word_1_98' title='bbox 1052 1332 1227 1371; x_wconf 84' lang='lat' dir='ltr'>secundo</span> 
     </span>
    </p>

    <p class='ocr_par' dir='ltr' id='par_1_13' title="bbox 284 1402 1222 1454">
     <span class='ocr_line' id='line_1_17' title="bbox 284 1402 1222 1454; baseline 0.003 -13"><span class='ocrx_word' id='word_1_99' title='bbox 284 1403 481 1454; x_wconf 86' lang='lat' dir='ltr'>Tempora</span> <span class='ocrx_word' id='word_1_100' title='bbox 506 1402 661 1442; x_wconf 82' lang='lat' dir='ltr'>laturus</span> <span class='ocrx_word' id='word_1_101' title='bbox 684 1402 794 1442; x_wconf 86' lang='lat' dir='ltr'>nnllo</span> <span class='ocrx_word' id='word_1_102' title='bbox 813 1403 1045 1443; x_wconf 78' lang='lat' dir='ltr'>renuendus</span> <span class='ocrx_word' id='word_1_103' title='bbox 1062 1403 1104 1442; x_wconf 91' lang='lat' dir='ltr'>in</span> <span class='ocrx_word' id='word_1_104' title='bbox 1124 1415 1222 1445; x_wconf 67' lang='lat' dir='ltr'>aevo.</span> 
     </span>
    </p>

    <p class='ocr_par' dir='ltr' id='par_1_14' title="bbox 284 1473 1174 1526">
     <span class='ocr_line' id='line_1_18' title="bbox 284 1473 1174 1526; baseline 0.001 -13"><span class='ocrx_word' id='word_1_105' title='bbox 284 1474 364 1513; x_wconf 92' lang='lat' dir='ltr'>Nec</span> <span class='ocrx_word' id='word_1_106' title='bbox 384 1474 532 1524; x_wconf 86' lang='lat' dir='ltr'>patitur</span> <span class='ocrx_word' id='word_1_107' title='bbox 548 1485 712 1525; x_wconf 79' lang='lat' dir='ltr'>magnos</span> <span class='ocrx_word' id='word_1_108' title='bbox 732 1473 862 1513; x_wconf 85' lang='lat' dir='ltr'>moliri</span> <span class='ocrx_word' id='word_1_109' title='bbox 883 1479 988 1513; x_wconf 84' lang='lat' dir='ltr'>certa</span> <span class='ocrx_word' id='word_1_110' title='bbox 1012 1479 1174 1526; x_wconf 87' lang='lat' dir='ltr'>paratus</span> 
     </span>
    </p>

    <p class='ocr_par' dir='ltr' id='par_1_15' title="bbox 285 1545 1541 1668">
     <span class='ocr_line' id='line_1_19' title="bbox 285 1545 1541 1597; baseline 0.003 -15"><span class='ocrx_word' id='word_1_111' title='bbox 285 1545 505 1596; x_wconf 81' lang='lat' dir='ltr'>Praerapide</span> <span class='ocrx_word' id='word_1_112' title='bbox 523 1550 664 1584; x_wconf 74' lang='lat' dir='ltr'>natura</span> <span class='ocrx_word' id='word_1_113' title='bbox 682 1545 881 1584; x_wconf 86' lang='lat' dir='ltr'>homines.</span> <span class='ocrx_word' id='word_1_114' title='bbox 906 1545 986 1585; x_wconf 86' lang='lat' dir='ltr'>Scit</span> <span class='ocrx_word' id='word_1_115' title='bbox 1004 1550 1042 1585; x_wconf 87' lang='lat' dir='ltr'>et</span> <span class='ocrx_word' id='word_1_116' title='bbox 1061 1545 1147 1597; x_wconf 87' lang='lat' dir='ltr'>ipse</span> <span class='ocrx_word' id='word_1_117' title='bbox 1167 1546 1358 1597; x_wconf 77' lang='lat' dir='ltr'>magister</span> <span class='ocrx_word' id='word_1_118' title='bbox 1465 1550 1541 1587; x_wconf 31' lang='lat'>’115</span> 
     </span>
     <span class='ocr_line' id='line_1_20' title="bbox 285 1615 1324 1668; baseline 0.001 -14"><span class='ocrx_word' id='word_1_119' title='bbox 285 1615 447 1655; x_wconf 73' lang='lat' dir='ltr'>Militiae.</span> <span class='ocrx_word' id='word_1_120' title='bbox 470 1617 613 1656; x_wconf 86' lang='lat' dir='ltr'>Serum</span> <span class='ocrx_word' id='word_1_121' title='bbox 639 1628 738 1667; x_wconf 80' lang='lat' dir='ltr'>nego</span> <span class='ocrx_word' id='word_1_122' title='bbox 755 1616 861 1668; x_wconf 83' lang='lat' dir='ltr'>qnod</span> <span class='ocrx_word' id='word_1_123' title='bbox 886 1628 979 1656; x_wconf 76' lang='lat' dir='ltr'>mox</span> <span class='ocrx_word' id='word_1_124' title='bbox 999 1622 1239 1668; x_wconf 82' lang='lat' dir='ltr'>perpetuum</span> <span class='ocrx_word' id='word_1_125' title='bbox 1259 1617 1324 1656; x_wconf 89' lang='lat' dir='ltr'>do.</span> 
     </span>
    </p>

    <p class='ocr_par' dir='ltr' id='par_1_16' title="bbox 282 1685 1084 1738">
     <span class='ocr_line' id='line_1_21' title="bbox 282 1685 1084 1738; baseline 0.001 -13"><span class='ocrx_word' id='word_1_126' title='bbox 282 1685 455 1738; x_wconf 78' lang='lat' dir='ltr'>AbJ&#39;icias</span> <span class='ocrx_word' id='word_1_127' title='bbox 470 1687 604 1726; x_wconf 90' lang='lat' dir='ltr'>animo</span> <span class='ocrx_word' id='word_1_128' title='bbox 626 1699 706 1726; x_wconf 87' lang='lat' dir='ltr'>non</span> <span class='ocrx_word' id='word_1_129' title='bbox 728 1687 920 1727; x_wconf 84' lang='lat' dir='ltr'>detulisse</span> <span class='ocrx_word' id='word_1_130' title='bbox 940 1688 1084 1727; x_wconf 81' lang='lat' dir='ltr'>timore</span> 
     </span>
    </p>

    <p class='ocr_par' dir='ltr' id='par_1_17' title="bbox 283 1758 1211 1811">
     <span class='ocr_line' id='line_1_22' title="bbox 283 1758 1211 1811; baseline 0.002 -14"><span class='ocrx_word' id='word_1_131' title='bbox 283 1758 421 1798; x_wconf 86' lang='lat' dir='ltr'>Gentis</span> <span class='ocrx_word' id='word_1_132' title='bbox 433 1758 656 1810; x_wconf 77' lang='lat' dir='ltr'>degeneris.</span> <span class='ocrx_word' id='word_1_133' title='bbox 678 1760 828 1799; x_wconf 85' lang='lat' dir='ltr'>Vatum</span> <span class='ocrx_word' id='word_1_134' title='bbox 848 1759 1014 1811; x_wconf 78' lang='lat' dir='ltr'>vestigia</span> <span class='ocrx_word' id='word_1_135' title='bbox 1036 1765 1211 1811; x_wconf 81' lang='lat' dir='ltr'>quantus</span> 
     </span>
    </p>

    <p class='ocr_par' dir='ltr' id='par_1_18' title="bbox 283 1829 1218 1884">
     <span class='ocr_line' id='line_1_23' title="bbox 283 1829 1218 1884; baseline 0.004 -17"><span class='ocrx_word' id='word_1_136' title='bbox 283 1829 440 1869; x_wconf 87' lang='lat' dir='ltr'>Evitare</span> <span class='ocrx_word' id='word_1_137' title='bbox 459 1829 591 1869; x_wconf 82' lang='lat' dir='ltr'>labor!</span> <span class='ocrx_word' id='word_1_138' title='bbox 619 1831 718 1879; x_wconf 78' lang='lat' dir='ltr'>Scis,</span> <span class='ocrx_word' id='word_1_139' title='bbox 742 1843 763 1870; x_wconf 92' lang='lat' dir='ltr'>o</span> <span class='ocrx_word' id='word_1_140' title='bbox 784 1831 1028 1880; x_wconf 78' lang='lat' dir='ltr'>doctissime,</span> <span class='ocrx_word' id='word_1_141' title='bbox 1051 1843 1218 1884; x_wconf 66' lang='lat' dir='ltr'>quaeque</span> 
     </span>
    </p>

    <p class='ocr_par' dir='ltr' id='par_1_19' title="bbox 284 1900 1559 2026">
     <span class='ocr_line' id='line_1_24' title="bbox 284 1900 1559 1954; baseline 0.003 -15"><span class='ocrx_word' id='word_1_142' title='bbox 284 1902 317 1940; x_wconf 84' lang='lat' dir='ltr'>A</span> <span class='ocrx_word' id='word_1_143' title='bbox 334 1900 474 1952; x_wconf 84' lang='lat' dir='ltr'>priscis</span> <span class='ocrx_word' id='word_1_144' title='bbox 495 1901 638 1941; x_wconf 85' lang='lat' dir='ltr'>calcata</span> <span class='ocrx_word' id='word_1_145' title='bbox 661 1902 722 1941; x_wconf 85' lang='lat' dir='ltr'>via</span> <span class='ocrx_word' id='word_1_146' title='bbox 742 1907 817 1950; x_wconf 73' lang='lat' dir='ltr'>est,</span> <span class='ocrx_word' id='word_1_147' title='bbox 841 1908 879 1941; x_wconf 84' lang='lat' dir='ltr'>et</span> <span class='ocrx_word' id='word_1_148' title='bbox 898 1914 1000 1954; x_wconf 86' lang='lat' dir='ltr'>pene</span> <span class='ocrx_word' id='word_1_149' title='bbox 1021 1914 1205 1942; x_wconf 84' lang='lat' dir='ltr'>recenses</span> <span class='ocrx_word' id='word_1_150' title='bbox 1483 1905 1559 1943; x_wconf 73' lang='lat'>4⁶20</span> 
     </span>
     <span class='ocr_line' id='line_1_25' title="bbox 288 1973 1310 2026; baseline 0.003 -15"><span class='ocrx_word' id='word_1_151' title='bbox 288 1974 329 2011; x_wconf 74' lang='lat' dir='ltr'>in</span> <span class='ocrx_word' id='word_1_152' title='bbox 350 1977 530 2012; x_wconf 85' lang='lat' dir='ltr'>veterum</span> <span class='ocrx_word' id='word_1_153' title='bbox 549 1973 812 2026; x_wconf 83' lang='lat' dir='ltr'>reciduntque</span> <span class='ocrx_word' id='word_1_154' title='bbox 840 1986 958 2014; x_wconf 87' lang='lat' dir='ltr'>sonos</span> <span class='ocrx_word' id='word_1_155' title='bbox 979 1979 1017 2014; x_wconf 88' lang='lat' dir='ltr'>et</span> <span class='ocrx_word' id='word_1_156' title='bbox 1043 1974 1146 2014; x_wconf 88' lang='lat' dir='ltr'>dicta</span> <span class='ocrx_word' id='word_1_157' title='bbox 1170 1979 1310 2026; x_wconf 68' lang='lat' dir='ltr'>poetae,</span> 
     </span>
    </p>

    <p class='ocr_par' dir='ltr' id='par_1_20' title="bbox 285 2044 1235 2098">
     <span class='ocr_line' id='line_1_26' title="bbox 285 2044 1235 2098; baseline 0.003 -16"><span class='ocrx_word' id='word_1_158' title='bbox 285 2044 333 2082; x_wconf 87' lang='lat' dir='ltr'>Et</span> <span class='ocrx_word' id='word_1_159' title='bbox 354 2055 445 2083; x_wconf 88' lang='lat' dir='ltr'>cum</span> <span class='ocrx_word' id='word_1_160' title='bbox 460 2044 701 2085; x_wconf 75' lang='lat' dir='ltr'>crediderint</span> <span class='ocrx_word' id='word_1_161' title='bbox 721 2057 769 2085; x_wconf 84' lang='lat' dir='ltr'>ex</span> <span class='ocrx_word' id='word_1_162' title='bbox 789 2058 830 2085; x_wconf 92' lang='lat' dir='ltr'>se</span> <span class='ocrx_word' id='word_1_163' title='bbox 854 2046 1062 2086; x_wconf 72' lang='lat' dir='ltr'>excedisse</span> <span class='ocrx_word' id='word_1_164' title='bbox 1081 2058 1235 2098; x_wconf 64' lang='lat' dir='ltr'>poema,</span> 
     </span>
    </p>

    <p class='ocr_par' dir='ltr' id='par_1_21' title="bbox 287 2116 1247 2169">
     <span class='ocr_line' id='line_1_27' title="bbox 287 2116 1247 2169; baseline 0.005 -17"><span class='ocrx_word' id='word_1_165' title='bbox 287 2116 545 2156; x_wconf 84' lang='lat' dir='ltr'>Immemores</span> <span class='ocrx_word' id='word_1_166' title='bbox 563 2116 659 2156; x_wconf 70' lang='lat' dir='ltr'>furti.</span> <span class='ocrx_word' id='word_1_167' title='bbox 680 2117 807 2169; x_wconf 86' lang='lat' dir='ltr'>primo</span> <span class='ocrx_word' id='word_1_168' title='bbox 829 2118 1021 2157; x_wconf 79' lang='lat' dir='ltr'>recitante</span> <span class='ocrx_word' id='word_1_169' title='bbox 1041 2122 1247 2158; x_wconf 82' lang='lat' dir='ltr'>notantur.</span> 
     </span>
    </p>

    <p class='ocr_par' dir='ltr' id='par_1_22' title="bbox 285 2187 1252 2239">
     <span class='ocr_line' id='line_1_28' title="bbox 285 2187 1252 2239; baseline 0.003 -14"><span class='ocrx_word' id='word_1_170' title='bbox 285 2187 388 2226; x_wconf 79' lang='lat' dir='ltr'>Num</span> <span class='ocrx_word' id='word_1_171' title='bbox 408 2187 441 2226; x_wconf 89' lang='lat' dir='ltr'>si</span> <span class='ocrx_word' id='word_1_172' title='bbox 461 2199 586 2239; x_wconf 86' lang='lat' dir='ltr'>panca</span> <span class='ocrx_word' id='word_1_173' title='bbox 604 2193 674 2228; x_wconf 82' lang='lat' dir='ltr'>tuo</span> <span class='ocrx_word' id='word_1_174' title='bbox 697 2189 935 2229; x_wconf 83' lang='lat' dir='ltr'>transmissa</span> <span class='ocrx_word' id='word_1_175' title='bbox 956 2189 1117 2229; x_wconf 80' lang='lat' dir='ltr'>exordia</span> <span class='ocrx_word' id='word_1_176' title='bbox 1137 2189 1252 2229; x_wconf 88' lang='lat' dir='ltr'>nobis</span> 
     </span>
    </p>

    <p class='ocr_par' dir='ltr' id='par_1_23' title="bbox 283 2258 1561 2384">
     <span class='ocr_line' id='line_1_29' title="bbox 283 2258 1561 2310; baseline 0.005 -14"><span class='ocrx_word' id='word_1_177' title='bbox 283 2258 466 2298; x_wconf 83' lang='lat' dir='ltr'>Carmine</span> <span class='ocrx_word' id='word_1_178' title='bbox 485 2271 674 2310; x_wconf 88' lang='lat' dir='ltr'>pensares</span> <span class='ocrx_word' id='word_1_179' title='bbox 688 2260 830 2300; x_wconf 86' lang='lat' dir='ltr'>librato</span> <span class='ocrx_word' id='word_1_180' title='bbox 853 2261 1038 2300; x_wconf 81' lang='lat' dir='ltr'>examine</span> <span class='ocrx_word' id='word_1_181' title='bbox 1066 2260 1204 2309; x_wconf 75' lang='lat' dir='ltr'>lancis,</span> <span class='ocrx_word' id='word_1_182' title='bbox 1485 2265 1561 2302; x_wconf 71' lang='lat'>1025</span> 
     </span>
     <span class='ocr_line' id='line_1_30' title="bbox 283 2330 1187 2384; baseline 0.004 -18"><span class='ocrx_word' id='word_1_183' title='bbox 283 2330 337 2367; x_wconf 79' lang='lat' dir='ltr'>Te</span> <span class='ocrx_word' id='word_1_184' title='bbox 362 2334 483 2369; x_wconf 84' lang='lat' dir='ltr'>tuate</span> <span class='ocrx_word' id='word_1_185' title='bbox 503 2330 635 2371; x_wconf 87' lang='lat' dir='ltr'>decies</span> <span class='ocrx_word' id='word_1_186' title='bbox 661 2331 992 2384; x_wconf 86' lang='lat' dir='ltr'>circumspexisse</span> <span class='ocrx_word' id='word_1_187' title='bbox 1017 2332 1187 2372; x_wconf 85' lang='lat' dir='ltr'>deceret.</span> 
     </span>
    </p>

    <p class='ocr_par' dir='ltr' id='par_1_24' title="bbox 283 2401 1353 2524">
     <span class='ocr_line' id='line_1_31' title="bbox 283 2401 1353 2455; baseline 0.004 -17"><span class='ocrx_word' id='word_1_188' title='bbox 283 2401 384 2451; x_wconf 81' lang='lat' dir='ltr'>Ergo</span> <span class='ocrx_word' id='word_1_189' title='bbox 402 2411 485 2440; x_wconf 92' lang='lat' dir='ltr'>non</span> <span class='ocrx_word' id='word_1_190' title='bbox 502 2406 634 2442; x_wconf 84' lang='lat' dir='ltr'>tntum</span> <span class='ocrx_word' id='word_1_191' title='bbox 653 2408 713 2442; x_wconf 88' lang='lat' dir='ltr'>est</span> <span class='ocrx_word' id='word_1_192' title='bbox 725 2404 917 2455; x_wconf 76' lang='lat' dir='ltr'>Juvenem</span> <span class='ocrx_word' id='word_1_193' title='bbox 938 2403 1156 2454; x_wconf 84' lang='lat' dir='ltr'>procudere</span> <span class='ocrx_word' id='word_1_194' title='bbox 1178 2415 1353 2451; x_wconf 77' lang='lat' dir='ltr'>versum,</span> 
     </span>
     <span class='ocr_line' id='line_1_32' title="bbox 283 2472 1299 2524; baseline 0.005 -16"><span class='ocrx_word' id='word_1_195' title='bbox 283 2472 569 2524; x_wconf 60' lang='lat' dir='ltr'>ingeninmqne</span> <span class='ocrx_word' id='word_1_196' title='bbox 594 2473 718 2524; x_wconf 72' lang='lat' dir='ltr'>premi</span> <span class='ocrx_word' id='word_1_197' title='bbox 741 2473 851 2512; x_wconf 79' lang='lat' dir='ltr'>decet</span> <span class='ocrx_word' id='word_1_198' title='bbox 877 2479 917 2513; x_wconf 82' lang='lat' dir='ltr'>ut</span> <span class='ocrx_word' id='word_1_199' title='bbox 940 2474 1024 2513; x_wconf 70' lang='lat' dir='ltr'>sine</span> <span class='ocrx_word' id='word_1_200' title='bbox 1040 2474 1126 2513; x_wconf 80' lang='lat' dir='ltr'>labe</span> <span class='ocrx_word' id='word_1_201' title='bbox 1150 2473 1299 2513; x_wconf 73' lang='lat' dir='ltr'>feratur</span> 
     </span>
    </p>
   </div>
   <div class='ocr_carea' id='block_1_3' title="bbox 1328 2583 1371 2616">
    <p class='ocr_par' dir='ltr' id='par_1_25' title="bbox 1328 2583 1371 2616">
     <span class='ocr_line' id='line_1_33' title="bbox 1328 2583 1371 2616; baseline 0 -15"><span class='ocrx_word' id='word_1_202' title='bbox 1328 2583 1371 2616; x_wconf 54' lang='lat' dir='ltr'>m,</span> 
     </span>
    </p>
   </div>
   <div class='ocr_carea' id='block_1_4' title="bbox 1328 2608 1356 2617">
    <p class='ocr_par' dir='ltr' id='par_1_26' title="bbox 1328 2608 1356 2617">
     <span class='ocr_line' id='line_1_34' title="bbox 1328 2608 1356 2617; baseline 0 -2"><span class='ocrx_word' id='word_1_203' title='bbox 1328 2608 1356 2617; x_wconf 64' lang='grc' dir='ltr'>,μ</span> 
     </span>
    </p>
   </div>
  </div>
 </body>
</html>
