1865 2959
793 246 834 251 —
862 227 926 262 28¹1
958 246 1002 252 —

263 312 377 349 Hune
396 309 575 349 animum
597 309 664 360 qui
684 314 821 349 nostra
847 313 982 350 movet
1002 309 1217 361 praecordia
1237 310 1391 350 cunetis

262 382 374 420 Nune
395 380 511 420 nobis
534 384 675 420 uotum
698 392 784 420 esse
800 381 908 429 velit,
932 381 1136 421 dubitasse
1157 380 1310 432 negabo

262 454 356 501 Quis
371 453 476 502 finis,
500 464 569 492 seu
591 464 678 505 qua}
700 457 860 493 nostros
878 452 1038 493 fortuna
1058 458 1220 505 paratus

262 525 465 576 Exciperet
482 539 491 574 ;
515 524 636 564 nullis
655 524 779 564 oculis
799 525 857 565 sol
877 525 1019 565 clarior
1037 537 1216 578 unquam
1463 529 1541 567 780

261 596 454 649 Apparuit
473 597 570 636 mihi
592 608 712 649 quam
732 597 896 638 victoria
915 597 1092 638 cernitur
1114 598 1271 649 ingens.

262 667 454 717 Vicimus,
478 679 647 719 agnosce
668 668 904 720 trepidantis
930 668 1091 709 turbida
1119 669 1225 721 vulgi

261 741 465 779 Murmura
489 743 526 778 et
547 739 754 790 ambiguos
772 745 906 780 metus
924 741 1106 793 aciesque
1125 740 1320 781 labantes.

261 811 453 860 Vicimus,
486 811 579 851 hinc
599 812 753 852 animes
773 824 905 863 cerno,
927 818 1084 866 statque
1105 813 1266 854 horrida
1286 815 1412 855 caedes

259 885 362 924 Ante
379 883 514 923 oculos
533 883 704 935 tabeque
727 889 890 924 tumens
912 888 951 924 et
970 885 1164 936 sanguine
1191 890 1365 937 terrens,
1459 890 1537 928 785

257 957 306 995 Et
325 954 475 994 cumuli
494 955 677 1006 ingentes
697 955 822 1007 patria
843 955 985 996 tellure
1001 958 1223 1008 jacentum.

259 1030 389 1079 lpsutu
413 1039 482 1078 ego
503 1029 588 1078 jam
611 1027 723 1067 video
740 1027 901 1079 jactatis
924 1028 1092 1080 turpiter
1110 1030 1232 1069 armis

258 1099 484 1138 Excessisse
501 1099 658 1148 dueem,
685 1099 797 1139 video
823 1099 1074 1152 latebrasque
1102 1105 1323 1152 petentem,

257 1173 387 1223 Atque
408 1171 561 1211 utinam
583 1170 773 1210 hesterno
795 1171 1019 1222 patuissent
1040 1171 1223 1211 cominus
1245 1184 1362 1212 aures

259 1246 502 1284 Cunctorum
521 1242 714 1294 alloquio!
740 1242 934 1282 Licuisset
955 1255 1120 1283 noscere
1137 1248 1272 1296 aperte
1462 1247 1539 1285 790

260 1319 504 1368 Degenerem
540 1315 790 1367 fractumque
822 1315 1020 1355 animum.
1057 1317 1146 1356 Non
1170 1316 1246 1355 iste
1280 1316 1453 1368 prefecto
1479 1323 1534 1358 est

259 1386 459 1426 Hannibal
479 1386 544 1425 ille
565 1386 686 1438 prior,
708 1386 785 1425 uisi
806 1398 957 1426 nomeu
980 1387 1132 1427 territat
1151 1388 1299 1440 ipsum.

262 1462 341 1499 11110
362 1459 426 1499 ille
447 1464 504 1499 est
526 1459 729 1511 equidem,
754 1459 822 1498 sed
841 1458 949 1498 enim
978 1460 1059 1499 dux
1078 1460 1246 1500 callidus
1270 1473 1378 1501 arma

257 1532 356 1570 Nota
375 1530 511 1570 tremit
533 1531 734 1582 sentitque
756 1530 842 1569 aliis
860 1531 1065 1570 tractanda
1082 1531 1255 1582 lacertis,

257 1603 512 1655 Consilieque
531 1603 626 1642 novi
647 1601 759 1642 ducis
779 1602 1028 1655 imperioque
1048 1605 1217 1644 moveri.
1462 1607 1539 1645 795

255 1676 342 1714 Neu
364 1674 437 1714 sibi
459 1677 685 1715 Cannarum
704 1674 842 1714 consul
864 1675 1102 1715 temerarius
1121 1675 1195 1715 ibit

256 1746 405 1787 Obvius
424 1745 498 1786 hec
518 1757 672 1798 campo,
695 1757 768 1785 nec
793 1758 910 1798 quem
932 1758 1112 1798 pugnare
1136 1747 1325 1788 vetabant

305 1874 380 1904 778.
405 1873 479 1904 Haec
497 1872 529 1904 in
545 1872 693 1914 margine
713 1882 771 1904 ms.
792 1874 815 1904 Α
838 1872 956 1914 legitur
974 1874 1086 1905 notula
1106 1883 1112 1904 :
1134 1873 1250 1905 Addidi
1267 1873 1388 1914 navabo
1407 1876 1538 1914 propter

259 1939 389 1961 versum
411 1930 656 1970 incompletum.
678 1929 759 1960 Dein
781 1930 842 1961 hoc
858 1931 992 1961 verbum
1013 1933 1213 1969 expunctum
1234 1933 1267 1962 et
1287 1940 1384 1972 supra
1401 1930 1536 1970 inscrip-

260 1990 329 2018 tum
349 1996 446 2018 mauu
465 1986 593 2018 diversa
609 1987 747 2028 pudebo.
770 1987 908 2019 Pudebit
929 1987 959 2018 in
978 1988 1032 2019 ed.
1052 1988 1125 2019 Bas.

302 2044 378 2074 782.
402 2044 522 2075 Desunt
540 2053 654 2075 versus
675 2045 823 2074 782-783
847 2043 877 2074 in
901 2053 963 2075 ms.
986 2045 1020 2075 E.

302 2101 378 2130 784.
400 2099 499 2131 llic...
515 2103 578 2132 stat
600 2101 631 2131 iu
658 2101 709 2132 ed.
729 2101 816 2139 Bas„
837 2100 954 2132 hinc...
975 2103 1100 2142 statque
1129 2100 1162 2132 in
1185 2110 1244 2132 ms.
1268 2102 1304 2140 B,
1325 2101 1363 2140 C,
1384 2102 1423 2140 D,
1442 2102 1477 2139 Ε,
1500 2103 1533 2133 F.

257 2156 314 2188 Hic
331 2166 442 2188 versus
461 2158 552 2189 abest
566 2157 599 2189 in
618 2167 678 2189 ms.
697 2158 734 2189 A.

300 2214 376 2244 786.
398 2213 506 2245 Patris
522 2213 555 2245 in
577 2214 629 2245 ed.
654 2214 743 2251 Bas„
761 2213 871 2256 patria
893 2214 927 2245 iu
945 2214 1096 2246 omnibus
1119 2224 1180 2246 ms.

298 2270 374 2300 791.
399 2268 457 2302 Est
478 2270 636 2301 omissum
660 2270 692 2301 in
711 2279 773 2302 ms.
796 2271 833 2308 Β,
853 2272 888 2309 C,
915 2272 950 2303 D.

300 2326 376 2357 792.
403 2325 541 2357 Territet
562 2327 594 2357 in
616 2327 669 2358 ed.
686 2328 776 2366 Bas„
798 2329 928 2359 territat
950 2327 983 2359 in
1006 2327 1158 2360 omnibus
1179 2337 1242 2360 ms.

301 2383 376 2414 794.
398 2381 514 2415 Nostra
536 2393 593 2423 pro
611 2387 690 2416 nola
712 2383 741 2415 in
765 2393 830 2416 ms.
850 2385 886 2416 E.

303 2440 377 2470 795.
402 2438 569 2480 Colloqzcio
591 2449 649 2480 pro
670 2440 805 2472 consilio
827 2441 859 2472 in
881 2451 942 2473 ms.
965 2442 1003 2480 B,
1025 2441 1059 2479 C,
1079 2443 1117 2473 D.

303 2496 379 2527 797.
408 2495 538 2529 Vctabat
559 2496 590 2528 in
611 2498 662 2528 ed.
684 2498 771 2535 Bas„
793 2498 943 2531 velabant
965 2499 995 2530 in
1017 2508 1078 2530 ms.
1102 2500 1137 2537 A,
1162 2499 1197 2536 Β,
1219 2499 1251 2537 C,
1273 2500 1310 2535 D,
1335 2501 1366 2530 F.
