1865 2959
834 209 1043 245 -104—

295 293 366 333 llic
385 294 579 334 libertatis
607 295 785 347 primurn
812 293 909 334 Urbi
929 293 1097 347 ingessit
1116 305 1313 336 amorem.

294 366 398 415 Quin
415 370 457 406 tu
479 366 635 406 animas
655 366 766 407 laetas
790 366 1037 420 melioraque
1058 378 1180 419 regna
1198 372 1383 409 tenentes

293 441 419 478 Cerne
445 439 679 478 catervatim
701 451 804 479 verae
824 438 986 479 virtutis
1008 439 1171 479 amicos.
1194 454 1212 476 υ

294 511 391 549 Tres
419 510 537 550 simul
559 515 651 551 ante
673 510 822 551 alacres
842 510 1077 563 alternaque
1095 511 1258 552 brachia
1279 512 1370 552 nexi

296 581 432 631 ibant}
456 582 530 622 hos
550 581 638 622 laeto
661 582 914 622 celebrabant
936 583 1096 635 agmina
1115 583 1259 635 plausu
1504 587 1582 625 550

298 653 537 694 Umbrarum
560 659 679 707 atque
700 655 810 695 omni
829 655 1022 695 devotum
1042 667 1090 696 cx
1117 656 1257 696 ordine
1276 656 1434 708 vulgus.

296 725 483 766 Substitit
503 726 706 766 admirans
730 741 737 766 :
776 742 792 763 «
814 728 908 776 Qua}
930 732 1041 767 tanta
1061 732 1120 767 est
1142 727 1280 780 gloria,
1304 728 1418 778 dixit,

297 799 374 837 Ista
393 798 551 838 trium?
572 798 668 847 Quis
689 804 826 839 tantus
843 811 956 839 amor
973 800 1176 839 connectit
1197 804 1340 840 euntes
1357 803 1372 839 ⁶?

293 892 346 898 —
367 871 448 909 Hos
472 870 659 922 idemque
681 882 825 922 parens
846 871 1083 923 eademque,
1104 871 1172 920 ait,
1204 871 1345 911 extulit
1361 871 1499 921 alvus;

295 941 397 980 Hinc
420 953 532 981 arnor
555 955 563 981 :
586 941 665 981 heu
680 943 688 981 l
703 941 865 994 Jugulos
881 947 919 982 et
934 942 1101 982 vulnera
1122 943 1243 983 cruda
1264 944 1438 983 duorum
1503 945 1582 984 555

293 1014 452 1065 Aspice,
476 1014 633 1066 utrique
656 1026 796 1054 recens
820 1014 919 1054 uitet
944 1019 988 1054 ut
1007 1027 1199 1066 generosa
1214 1014 1376 1054 cicatrix

298 1088 458 1126 Pectore
478 1086 520 1125 in
546 1086 714 1125 adverso
750 1100 757 1125 :
787 1086 1028 1138 populorum
1045 1085 1124 1126 fata
1150 1091 1361 1139 potentum

296 1159 373 1197 Ter
397 1157 568 1209 geminis
589 1158 780 1198 mandata
800 1158 911 1207 viris,
939 1164 982 1199 ut
1003 1159 1198 1211 sauguine
1218 1171 1343 1211 pauco

296 1230 452 1271 Scilicet
476 1230 702 1271 innumerae
715 1236 920 1271 cessarent
938 1230 1081 1271 funera
1108 1231 1253 1283 gentis.

296 1303 442 1342 Divisis
458 1303 715 1353 exercitibus,
743 1309 956 1356 conspecta
978 1316 1142 1344 suoruni
1506 1307 1583 1345 560

297 1375 567 1427 Adversisquo
592 1375 717 1415 oculis
739 1388 806 1416 sex
829 1375 971 1415 ultima
991 1376 1094 1416 bella
1110 1376 1313 1428 gerebant.

297 1446 475 1505 Libertas
492 1452 588 1486 tuuc
606 1452 743 1487 nostra
764 1453 942 1487 tremens
965 1447 1187 1500 similisque
1207 1448 1360 1488 cadenti

301 1518 426 1558 Unius
448 1519 494 1558 ad
524 1518 648 1558 fatuui
670 1519 791 1559 dubio
808 1520 881 1559 sub
902 1521 1025 1560 Marte
1049 1520 1267 1572 pependit3

299 1591 423 1630 Unius
444 1596 503 1631 est
525 1596 675 1631 asserta
696 1603 835 1632 manu.
860 1595 1086 1633 Germanus
1112 1598 1279 1644 uterque

297 1663 516 1713 Occiderat,
539 1664 767 1716 populoque
789 1664 1088 1704 niniisi'ortuna
1108 1664 1241 1703 favere
1504 1665 1581 1703 565

297 1737 477 1786 ῌφρειηιῑ
498 1734 667 1784 Albano,
692 1735 765 1775 nisi
788 1736 931 1775 tertius
950 1735 1015 1775 ille
1033 1740 1236 1788 superstes

298 1808 453 1858 Integer
472 1813 510 1846 et
535 1806 705 1846 fratrum
728 1812 878 1847 mortes
897 1813 935 1848 et
954 1808 1112 1860 publica
1132 1806 1210 1847 sata

298 1878 568 1927 Restituisset‚
593 1891 715 1931 agens
737 1879 912 1919 victricia
936 1892 1100 1932 corpora
1120 1891 1259 1931 campo
1280 1894 1287 1918 :

343 2098 418 2127 5t7.
446 2096 492 2128 Τιι
512 2096 671 2127 omissum
692 2096 723 2128 iu
744 2098 797 2129 ed.
821 2098 894 2129 Bas.

342 2155 418 2184 552.
441 2152 551 2185 Gloria
570 2163 627 2194 pro
648 2155 755 2195 qratia
776 2154 808 2185 in
831 2148 893 2186 fus.
914 2155 935 2186 Α
955 2159 987 2187 et
1004 2157 1039 2187 E.

341 2212 416 2242 554.
436 2209 561 2242 Eadem
581 2211 611 2241 iu
631 2212 682 2242 ed.
705 2212 795 2249 Bas„
816 2212 993 2254 eademque
1015 2212 1047 2243 iu
1066 2213 1219 2244 omnibus
1239 2222 1299 2245 ms.

343 2269 420 2299 555.
443 2266 551 2300 crudo
572 2268 603 2299 iu
625 2270 678 2300 cd.
701 2270 792 2308 Bas„
813 2270 914 2301 cruda
935 2271 967 2301 in
989 2270 1143 2302 omuibus
1164 2280 1226 2302 ms.

341 2324 518 2357 557.F‹11a
541 2335 597 2365 pro
616 2336 725 2367 pugna
748 2327 868 2367 legitur
891 2330 1014 2359 lantum
1037 2328 1068 2358 iu
1093 2337 1154 2359 ms.
1181 2328 1214 2359 E.

342 2386 420 2415 559.
441 2382 567 2415 Funere
588 2383 620 2414 iu
644 2385 697 2415 ed.
722 2385 811 2422 Bas..
832 2383 951 2424 funera
973 2385 1003 2416 iu
1025 2385 1175 2416 omuibus
1197 2395 1257 2417 ins.

342 2441 418 2471 561.
440 2439 566 2472 Aversis
583 2440 616 2472 in
638 2442 688 2472 ed.
713 2441 799 2479 Bas„
821 2441 962 2474 adversis
979 2442 1011 2472 in
1031 2451 1093 2473 ms.
1115 2442 1152 2480 Α,
1176 2443 1212 2479 Β,
1232 2443 1267 2480 Ε,
1289 2443 1324 2474 F.

343 2497 416 2533 567.
435 2497 523 2529 Inter
540 2498 571 2528 in
590 2499 641 2530 ed.
666 2499 754 2537 Bas,
777 2499 903 2543 integer
923 2499 955 2530 in
976 2509 1035 2530 ms.
1054 2500 1091 2538 Α,
1113 2499 1149 2538 Β,
1170 2500 1205 2537 C,
1227 2500 1262 2539 E,
1286 2500 1320 2532 F.
