1865 2959
845 192 1055 229 -112—

303 278 416 319 Victa
434 279 578 331 jugum
601 290 723 332 regna
744 279 958 332 excipient,
983 278 1057 319 sub
1083 277 1241 331 legibus
1258 277 1376 320 ibunt

303 353 394 392 Mox
414 351 561 392 Galatae
581 351 870 404 Macedumque
890 350 1002 392 furor
1031 364 1038 390 :
1065 350 1123 391 nil
1149 351 1256 403 regia
1276 356 1448 404 possunt

304 424 491 473 Nomina,
516 423 573 463 nil
598 428 760 476 patrum
779 423 924 476 egregii
946 423 1136 476 prodesse
1154 423 1327 475 labores,

303 497 470 547 Magnus
490 495 719 536 Alexander
742 495 892 536 totiens
911 501 1121 536 revocatus
1143 497 1191 536 ab
1212 508 1315 537 urna

303 567 343 607 Si
365 567 516 607 redeat.
539 569 625 608 Mea
641 568 691 607 sit
718 579 904 621 quaeuam
928 568 1128 608 sententia
1146 568 1278 618 nosti3

305 639 454 680 Graecia
477 644 562 680 tota
581 639 692 680 brevi
714 639 950 693 procumbet
967 645 1149 692 tempore
1168 640 1288 691 victa,

305 713 354 751 Et
373 711 477 752 male
498 723 693 752 czesorum
711 723 851 764 poenas
871 711 1073 764 dependet
1093 724 1277 752 avorum.

307 783 379 823 Hic
397 783 525 836 placet
549 789 588 824 et
607 783 767 824 Glabrio
789 788 827 824 et
847 788 1021 836 spectata
1037 784 1236 824 modestia
1254 785 1390 835 Moeni,

307 855 573 908 Flaminiique
593 856 768 905 animus,
791 855 906 896 claris
926 856 992 908 qui
1017 868 1192 896 crescere
1218 855 1333 897 factis

306 927 464 980 Incipit,
482 932 520 968 et
543 933 676 968 tecum
697 932 825 968 tentat
845 927 1063 968 certamina
1082 927 1214 968 famas.

306 1001 383 1041 Res
403 1000 557 1040 instant
574 1000 707 1050 variae,
733 999 855 1040 series
874 1011 1033 1052 quoque
1057 999 1175 1052 longa
1200 1000 1382 1041 laborum
1403 1015 1411 1050 ;

305 1072 464 1112 Florida
482 1085 658 1125 namque
679 1073 777 1112 viris
796 1073 908 1113 venit
929 1072 1269 1125 armipotentibus
1288 1078 1398 1113 zetas.

304 1146 395 1184 Haec
415 1144 515 1184 milii
532 1146 618 1197 J'am
638 1146 822 1195 Scauros,
845 1147 1011 1195 Drusos,
1035 1145 1265 1199 crebrisque
1288 1145 1466 1187 Metellos

306 1216 487 1269 insignes
504 1217 651 1267 titulis,
675 1222 713 1257 et
732 1217 900 1257 nomina
920 1218 1024 1257 clara
1044 1219 1222 1258 Nerones

307 1289 493 1339 Protulit;
518 1289 594 1330 hoc
615 1290 711 1330 olim
734 1290 868 1330 veniet
891 1290 939 1330 de
960 1290 1093 1342 stipite
1114 1303 1251 1330 ramus

306 1361 487 1411 pestifer,
509 1374 552 1402 ac
571 1361 730 1414 populis
750 1361 895 1402 umbra
916 1362 1123 1402 nociturus
1142 1362 1294 1415 iniqua.

304 1435 395 1473 ,lam
414 1433 565 1474 sensim
583 1439 799 1486 assurgunt
821 1434 947 1486 rigida
968 1434 1116 1474 virtute
1139 1436 1326 1474 Catones,

305 1507 335 1545 Ο
357 1505 510 1545 utinam
529 1506 674 1545 domus
694 1505 761 1545 illa
783 1506 918 1546 minus
940 1506 1040 1546 foret
1066 1506 1202 1546 invida
1222 1508 1391 1546 nostrael

305 1579 483 1629 Surgunt
502 1577 671 1628 AEmilii,
696 1590 870 1631 quorum
891 1578 940 1618 de
961 1583 1078 1631 gente
1099 1583 1295 1631 nepotum

304 1649 430 1701 Elige,
451 1650 519 1702 qui
538 1662 687 1690 nomen
711 1651 832 1703 gestis
854 1656 1056 1691 mereatur
1073 1651 1225 1691 avitum

304 1721 603 1775 Relliquiasque
623 1727 713 1762 tuas
734 1722 839 1763 ferro
859 1728 1071 1763 consumat
1093 1728 1131 1763 et
1150 1723 1250 1775 igni.

304 1794 448 1834 Durior
467 1794 507 1834 id
529 1795 684 1835 meritis
707 1795 880 1848 odioque
905 1807 1096 1835 accensus
1115 1795 1286 1835 honesto

303 1867 478 1919 Longius
498 1867 699 1917 incedam,
723 1880 899 1921 namque
921 1868 1016 1908 hinc
1033 1868 1265 1921 Syllamque
1282 1867 1452 1908 ferocem

304 1941 596 1993 Pompeiosque
616 1952 755 1993 graves
773 1941 1034 1993 animosaque
1055 1946 1215 1993 pectora
1235 1941 1346 1980 Bruti

305 2014 408 2052 Ante
432 2012 567 2052 oculos
585 2012 730 2063 habeo,
761 2019 983 2066 stupeoque
1009 2013 1074 2053 ubi
1098 2013 1268 2054 condere
1289 2012 1440 2053 ferrum

350 2139 427 2170 127.
455 2139 578 2172 Victum
597 2139 628 2171 in
649 2140 702 2171 ed.
724 2140 811 2179 Bas„
834 2142 918 2173 victa
933 2140 966 2172 in
990 2150 1051 2172 mS.
1074 2143 1112 2179 A,
1134 2141 1171 2179 E,
1190 2141 1221 2171 F.

349 2197 426 2227 130.
449 2194 517 2228 Una
537 2197 568 2227 in
590 2198 642 2228 ed.
664 2197 755 2235 Bas.,
776 2207 860 2229 urna
882 2198 912 2229 in
931 2199 1084 2230 omnibus
1103 2208 1162 2229 ms.

350 2254 425 2285 133.
445 2253 532 2285 Mala
553 2264 609 2294 pro
630 2255 716 2287 male
734 2255 765 2286 in
788 2265 849 2287 ms.
873 2257 908 2286 E.

350 2311 424 2342 135.
450 2309 527 2351 Quae
544 2311 575 2342 in
598 2313 649 2343 ed.
672 2312 763 2349 Bas„
781 2312 886 2353 quiin
909 2322 972 2343 ms.
991 2313 1030 2350 A,
1047 2313 1084 2350 B,
1102 2313 1138 2351 E,
1156 2313 1189 2343 F.

349 2369 425 2399 138.
447 2368 583 2409 Jamque
604 2369 636 2400 in
656 2370 707 2400 ed.
734 2370 822 2407 Bas,
840 2379 980 2410 namque
998 2370 1029 2400 in
1056 2380 1115 2401 [ης.
1135 2370 1172 2406 Α,
1195 2371 1229 2401 C.

349 2427 425 2456 144.
444 2425 570 2457 Invidia
591 2426 624 2457 in
646 2427 698 2457 ed.
720 2427 811 2464 Bas.,
833 2427 943 2458 invida
961 2426 992 2458 in
1014 2436 1073 2458 ms.
1097 2428 1134 2465 Α,
1157 2427 1190 2459 B.
1215 2428 1249 2464 C,
1272 2428 1308 2464 D,
1330 2428 1362 2458 E.

348 2483 424 2514 151.
447 2482 581 2516 Nectere
601 2493 658 2524 pro
678 2484 816 2516 condere
834 2484 866 2516 in
889 2493 951 2516 ms,
972 2486 991 2515 Α

1516 500 1532 536 1
1542 499 1592 537 30

1514 859 1591 898 135

1515 1221 1592 1259 140

1514 1581 1591 1619 145

1513 1942 1589 1980 150
