1865 2959
837 186 1046 222 -220—

299 273 419 314 Millia
439 273 635 312 victorum
655 272 858 324 plausum,
880 270 1170 323 fremitumque
1184 273 1377 323 jocosque

301 346 474 387 Maxima
493 350 658 397 septeno
686 343 880 396 spectabit
905 343 1054 384 vertice
1080 344 1206 384 Roma
1227 357 1235 382 :

301 420 428 468 Quom
447 416 548 457 inihi
569 415 649 456 fata
667 416 774 456 diem
795 428 1008 468 nunquam
1026 415 1198 455 mentita
1216 414 1487 467 propinquam
1509 416 1585 454 185

304 489 562 529 Promittunt.
584 504 601 525 »
632 487 695 528 Sic
714 487 820 528 satus
840 492 923 528 erat
941 502 949 526 :
969 489 1136 539 jamque
1158 486 1338 539 undique
1359 497 1532 538 magnus

301 564 555 613 Consurgens
573 560 770 612 laetusque
794 559 944 600 fremor
964 559 1149 611 pulsabat
1169 558 1406 611 Olympum.

300 636 406 674 Ante
426 644 567 673 omnes
593 633 757 672 meritas
777 636 907 684 grates
927 631 1154 683 expendere
1175 634 1329 670 certant

302 707 385 746 Rex
404 704 616 757 Leliusque
635 704 742 753 duci,
768 715 939 756 spesque
958 703 1102 755 ingens
1123 702 1258 742 addita
1278 703 1361 755 regi

302 777 480 817 Abstulit
500 776 687 829 antiquas
711 775 912 828 aliamque
933 775 976 814 in
1000 775 1154 814 viscera
1174 786 1311 814 curam

304 850 458 899 Intulit,
485 854 527 889 ut
547 849 660 901 regni
688 853 824 901 posset
852 848 1093 900 protendere
1114 846 1216 886 fines

304 922 506 974 Pauperis,
532 920 781 972 hostilesque
802 920 885 960 suis
911 919 1130 971 adjungere
1153 924 1295 959 terras.

302 994 413 1043 Quod
437 1005 595 1046 sperare
615 993 782 1045 quidem
804 1004 891 1032 sors
911 991 1019 1031 illius
1039 996 1158 1044 atque
1177 990 1356 1044 potentis

303 1066 496 1119 Scipiadae
520 1066 719 1118 promissa
740 1064 904 1105 dabant.
929 1066 1009 1105 Ceu
1034 1063 1187 1104 retibus
1207 1074 1352 1115 auceps

302 1139 513 1191 Aspiciens
537 1138 743 1178 volucrem
766 1137 898 1177 subito
918 1137 1122 1177 discedere
1138 1147 1304 1188 parvam

300 1211 583 1263 Conqueritur,
606 1215 743 1250 movet
764 1209 897 1261 exigui
917 1221 1009 1261 spes
1029 1208 1184 1261 perdita
1203 1208 1303 1248 lucri
1323 1222 1332 1257 3

300 1285 424 1336 Major
448 1283 615 1335 inopina
636 1294 732 1322 mox
760 1287 799 1322 et
823 1281 1056 1334 generosior
1080 1281 1161 1321 ales

300 1358 414 1396 Parte
439 1355 519 1408 poli
537 1355 664 1395 tensis
687 1354 720 1393 51
740 1354 910 1394 forsitan
940 1353 1103 1393 advolet
1122 1353 1211 1402 alis,

303 1427 474 1479 Erigitur
493 1427 713 1479 recipitque
734 1426 907 1475 animos,
932 1437 1103 1478 spesque
1125 1424 1259 1477 ampla
1279 1424 1404 1464 futuri

302 1500 496 1540 Praeteriti
518 1499 754 1539 meminisse
775 1503 883 1538 vetat
905 1510 914 1537 t
939 1498 995 1538 sic
1022 1498 1153 1550 prima
1173 1496 1361 1537 secunda}

303 1574 406 1613 Cura
425 1583 568 1624 parum
589 1570 714 1611 solido
743 1570 816 1610 sub
838 1575 998 1623 pectore
1025 1570 1144 1610 cessit
1170 1569 1360 1618 amantis,

304 1644 440 1684 Victor
459 1644 622 1693 amoris,
651 1655 844 1696 amorque
864 1643 1033 1682 libidine
1057 1642 1160 1682 victa
1182 1641 1305 1681 libido
1328 1646 1406 1681 est.

307 1716 493 1756 Proxima
516 1727 597 1755 nox
621 1715 696 1755 alia
716 1715 904 1755 transivit
923 1715 1098 1767 imagine
1126 1715 1283 1763 sonini3

305 1790 394 1829 Non
412 1788 591 1838 habitus,
619 1799 701 1827 non
727 1788 926 1837 incessus,
953 1799 1035 1827 non
1056 1787 1191 1827 vultus
1218 1787 1354 1827 amicae

305 1863 410 1901 Ante
439 1859 590 1910 0011105,
611 1871 696 1900 11011
718 1872 793 1899 vox
820 1860 970 1900 iteruin
988 1859 1176 1900 exaudita
1197 1859 1412 1911 gementis,

307 1936 357 1973 At
375 1932 521 1973 solium
543 1937 661 1984 atque
689 1931 810 1972 urbes
834 1944 877 1971 ac
904 1931 1075 1971 fortibus
1097 1931 1242 1983 oppida
1263 1930 1405 1979 11111115,

308 2005 573 2057 Fluminaque
593 2010 631 2045 et
655 2010 816 2045 montes
838 2004 906 2044 lati
935 2003 1108 2044 confinia
1127 2003 1256 2056 regni.

308 2080 399 2117 Jain
418 2077 645 2117 rubicunda
668 2088 790 2128 vagos
816 2078 896 2116 Eoo
921 2076 1055 2116 littore
1080 2087 1221 2116 currus

309 2150 483 2202 Aptabat
503 2155 671 2190 ventura
691 2149 792 2199 dies,
818 2160 1041 2201 auroraque
1063 2148 1191 2188 noctis

310 2221 488 2262 Candida
506 2221 678 2273 pellebat
697 2221 900 2271 tenebras,
925 2232 1016 2260 011111
1043 2220 1210 2260 buccina
1229 2219 1396 2260 classem

311 2294 480 2343 Excitat,
505 2299 543 2333 et
565 2298 683 2333 vento
702 2293 927 2334 tenduntur
945 2293 1034 2332 vela
1055 2291 1246 2332 secundo.

355 2427 431 2457 189.
450 2425 566 2459 Melius
586 2425 619 2457 in
641 2427 694 2457 ed.
715 2427 801 2463 Bas„
826 2425 933 2458 Lelius
950 2426 982 2457 in
1005 2425 1158 2456 omnibus
1181 2434 1243 2456 ms.

356 2485 433 2516 194.
455 2485 580 2526 Anceps
602 2484 632 2514 in
653 2484 705 2515 ed.
731 2484 820 2523 Bas„
843 2493 958 2527 auceps
979 2483 1012 2516 in
1037 2492 1098 2514 uis.
1118 2485 1155 2521 A,
1175 2483 1210 2521 B,
1233 2482 1268 2521 C,
1291 2482 1328 2520 D,
1350 2482 1385 2513 E.

1513 777 1527 813 -1
1537 776 1589 813 90

1514 1136 1591 1174 195

1515 1498 1594 1535 ⁵200
