1865 2959
822 221 1033 257 —287—

286 307 595 359 Turbaruntque
614 305 715 355 loeo,
738 305 1024 358 compulsaque
1046 314 1195 344 cornua
1214 306 1320 343 retro

286 382 511 421 Cesserunt.
535 380 565 418 O
590 389 690 418 caeca
708 376 922 417 hominum
938 388 1068 425 mens,
1085 375 1210 415 inscia
1225 386 1377 426 rerum,

286 450 548 503 consiliisque
568 449 687 489 illusa
701 449 807 489 tuisl
831 450 937 497 Quos
961 447 1120 500 agmine
1143 447 1272 499 primo

286 522 519 562 Praesidium
536 521 640 562 cauti
660 520 773 561 ducis
795 520 913 560 anxia
937 531 1029 560 cura
1050 518 1196 559 locarat

284 594 332 633 Hi
353 599 523 645 stragem
548 604 736 645 peperere
753 592 835 632 suis
851 602 1100 644 pronamque
1124 589 1299 629 ruinam.

284 664 355 705 Hic
378 664 508 717 fragor
531 663 799 704 Hannibalem
820 663 953 703 medio
978 673 1163 702 sermone
1187 661 1418 713 loquentem

282 736 450 787 Avertit,
474 736 598 777 veluti
623 736 801 776 subitum
823 736 856 775 si
876 735 977 776 forte
997 734 1157 774 canenti

283 808 507 861 Obstrepat,
530 813 568 848 et
589 808 711 848 scisso
735 807 952 847 descendat
968 805 1152 858 „luppiter
1171 817 1258 846 axe.

283 880 351 920 llle
371 880 473 931 silet,
490 880 742 932 tremuloque
759 879 901 920 modos
924 878 997 919 sub
1017 882 1177 930 gutture
1197 876 1324 928 frangi

281 951 515 1004 Attollitque
535 951 669 992 oculos
686 957 725 992 et
743 951 887 992 coelum
904 950 1070 1002 suspicit
1085 954 1233 989 atrum.

281 1024 430 1063 Verum
449 1028 532 1063 tam
552 1023 671 1063 variis
688 1023 838 1063 totiens
861 1022 943 1062 dux
962 1021 1120 1062 casibus
1144 1021 1239 1061 olim

280 1097 474 1146 «Iactatus,
495 1095 642 1135 totiens
663 1095 783 1135 variis
806 1094 1002 1134 exercitus
1026 1093 1147 1133 armis

283 1168 449 1217 Perstat,
472 1171 510 1206 et
531 1166 718 1206 adversos
739 1165 965 1218 speculatur
990 1164 1174 1205 turbidus
1197 1163 1349 1214 hostes,

281 1238 604 1290 increpitansque
627 1242 776 1287 metus,
799 1237 918 1287 vires⁷
945 1236 1180 1289 animosque
1206 1236 1376 1276 fluentes

280 1310 449 1362 Colligit,
476 1309 727 1362 excurritque
746 1308 923 1349 fremens
945 1321 1067 1361 seque
1088 1308 1230 1348 obvius
1250 1307 1378 1348 offert.

280 1382 390 1422 Sicut
409 1394 503 1434 aper
519 1381 667 1422 rabidis
693 1386 906 1434 postquam
934 1380 1144 1421 latratibus
1165 1385 1275 1420 actus

279 1453 496 1494 Vulnificos
520 1454 669 1494 instare
690 1465 807 1494 canes
828 1458 946 1505 atque
965 1465 1074 1493 arma
1094 1457 1348 1505 sequentum,

279 1526 460 1566 Advertit
475 1527 560 1577 jam
578 1530 686 1578 terga
704 1525 851 1577 rigens,
869 1526 954 1577 J'am
973 1524 1141 1576 subrigit
1161 1536 1292 1574 aures,

279 1597 380 1637 Hinc
409 1609 583 1650 praeceps
602 1597 644 1637 in
665 1597 740 1637 tela
766 1597 858 1636 ruit.
883 1597 946 1637 Sic
964 1595 1138 1636 fervidus
1161 1595 1243 1636 ibat

278 1669 491 1719 Hannibal,
513 1668 736 1722 egregiique
757 1669 933 1708 animam
954 1668 1077 1720 patris
1099 1680 1165 1708 oro
1185 1666 1365 1708 vocabat.

279 1740 415 1781 Stabat
435 1740 483 1781 ab
504 1741 669 1781 adverso
686 1740 849 1792 jtivenis
871 1744 967 1780 tunc
986 1739 1152 1792 impiger
1173 1739 1250 1779 acri

278 1812 508 1853 Massinissa
530 1812 679 1862 animo,
702 1812 768 1864 qui
794 1823 887 1851 mox
907 1810 1106 1851 fluitantia
1127 1822 1295 1850 cernens

277 1885 433 1924 Cornua
457 1886 686 1932 Poenorum⁷
703 1883 879 1935 trepidos
902 1882 1089 1934 irrumpit
1106 1882 1148 1921 in
1164 1881 1316 1931 hostes,

278 1957 326 1995 Et
346 1967 598 2008 quocumque
617 1954 722 1994 viam
746 1954 838 1994 facit
860 1954 1002 2006 ingens
1020 1953 1167 2004 bellua,
1202 1953 1348 2006 raptim

278 2027 519 2079 Insequitur,
541 2026 740 2079 similique
759 2026 883 2067 fretus
906 2026 1005 2067 duce
1025 2025 1168 2066 Laelius
1189 2025 1295 2065 inter

279 2098 394 2138 lrruit
411 2109 615 2138 armorum
633 2097 830 2149 cumulos⁷
852 2103 1093 2150 tempusque
1114 2097 1327 2149 locumque

325 2211 401 2243 927.
426 2210 520 2244 Tanti
541 2212 572 2243 in
591 2213 643 2244 ed.
662 2213 752 2250 Bas„
771 2213 859 2244 cauti
878 2212 911 2244 in
932 2212 1083 2244 omnibus
1104 2221 1165 2244 ms.

329 2271 406 2301 933.
427 2268 536 2301 Altum
558 2270 589 2301 in
608 2269 661 2301 ed.
683 2270 772 2307 Bas„
795 2273 903 2301 atrum
924 2270 957 2301 in
979 2270 1129 2302 omnibus
1150 2279 1210 2301 ms.

323 2327 400 2356 935.
423 2325 533 2358 Dubiis
553 2326 586 2357 iu
604 2327 657 2358 ed.
680 2326 753 2357 Bas.
777 2336 815 2357 ex
836 2335 896 2358 ms.
919 2327 943 2358 A
960 2336 1046 2358 corr.
1071 2336 1127 2367 pro
1150 2325 1260 2357 variis.

323 2383 399 2413 936.
422 2381 557 2414 Prcrstat
575 2382 607 2414 in
625 2383 678 2414 ed.
702 2384 789 2421 Bas„
809 2386 931 2424 perslat
953 2383 984 2414 in
1010 2393 1071 2414 ms.
1094 2384 1132 2421 A,
1154 2383 1191 2422 B,
1209 2383 1244 2422 C,
1268 2383 1303 2413 D.

325 2440 402 2470 939.
426 2438 560 2481 Rapidis
578 2439 610 2471 in
632 2440 684 2470 cd.
707 2440 797 2478 Bas„
819 2439 940 2471 rabidis
957 2440 989 2471 in
1013 2450 1072 2471 ms.
1096 2441 1133 2470 A.

325 2497 401 2528 941.
425 2496 543 2538 Riqrnt
563 2497 596 2528 iu
615 2498 666 2529 cal.
691 2497 779 2535 nas„
802 2497 911 2539 riyens
930 2497 962 2528 in
981 2507 1043 2529 ms.
1059 2498 1095 2536 A,
1118 2498 1154 2536 B,
1176 2497 1209 2535 C,
1234 2498 1269 2528 D.

1487 735 1565 774 930

1487 1097 1564 1134 933

1485 1455 1510 1492 9
1520 1455 1564 1492 '40

1484 1812 1508 1849 9
1518 1812 1562 1850 15
