1865 2959
824 193 1031 228 —189—

287 281 389 319 Nam
411 278 443 318 si
467 280 608 317 cuncta
630 276 762 316 brevis
785 279 1052 315 numerentur
1077 274 1207 315 tristia
1230 275 1337 324 vitae,

288 349 429 390 Nullus
447 348 520 389 erit
538 353 621 388 toto
640 353 678 388 te
699 359 806 387 nune
825 347 1015 387 annosior
1034 345 1143 386 orbe.
1489 347 1566 385 210

288 423 348 460 En
374 410 543 473 regnum
567 418 728 459 fortuna
750 423 866 458 tuum
891 429 968 469 quo
995 416 1148 456 dulcius
1174 416 1240 456 illo

289 490 493 531 Perfruere
514 490 581 530 diu
601 490 719 541 longo
740 493 829 541 post
846 493 1026 539 tempore
1046 486 1193 535 reddit,

288 560 602 612 Depositumque
622 558 756 598 refert.
779 559 959 606 Hostem,
983 568 1061 609 qua
1080 556 1189 595 nulla
1209 555 1392 608 voluptas

290 633 427 684 Major,
454 631 578 670 habes
598 630 763 677 victum,
788 629 959 681 vitzeque
978 633 1016 667 et
1036 627 1177 666 mortis
1198 627 1239 666 in
1258 627 1392 679 ipsum

289 703 448 743 Arbiter
468 715 533 751 es;
557 702 624 754 qui
645 713 734 741 cara
748 700 820 740 tibi
843 701 935 740 tulit
955 700 1091 740 omnia
1109 699 1232 739 solus.
1490 701 1567 738 0215

290 774 434 814 Omnia
453 786 561 814 nune
582 774 767 822 redeunt,
795 772 916 812 simul
936 772 1002 811 hic
1022 782 1230 824 possessor
1245 770 1409 822 iniquus

288 847 425 897 Regna
442 857 605 897 gemens
625 844 810 893 revomit,
833 844 1053 896 nitidisque
1080 842 1287 882 simillima
1305 841 1498 893 nymphis

289 917 468 966 Femina,
491 921 680 969 praeterea
700 915 830 968 primo
855 914 1021 967 spoliata
1042 914 1201 953 marito·

288 988 489 1029 Bellorum
515 988 571 1027 sio
586 989 678 1039 J'ura
697 987 837 1027 volunt
854 1001 862 1035 ;
887 985 1055 1026 occurrit
1077 990 1115 1025 et
1135 985 1263 1032 ardet,

288 1061 327 1101 Si
351 1060 480 1109 liceat,
509 1060 577 1099 sed
604 1059 728 1098 inulta
749 1058 864 1098 timet
888 1057 962 1097 sibi
983 1057 1140 1096 conscia
1161 1056 1293 1096 sortis.
1488 1058 1567 1095 ⁹220

288 1134 439 1183 Nempe
457 1130 681 1171 verecundo
697 1130 797 1182 petit
815 1129 855 1169 id
877 1129 983 1181 quod
1004 1140 1098 1168 voce
1117 1139 1262 1179 negare

290 1204 382 1243 Visa
400 1202 474 1243 fuit
498 1208 695 1243 metuens.
722 1203 807 1241 Heu
828 1200 956 1253 qualis
976 1200 1106 1240 forma
1125 1199 1319 1251 gementi,

290 1277 496 1327 Quamque
514 1275 655 1314 decent
674 1273 875 1325 laerymzo,
901 1272 997 1324 quid
1016 1271 1239 1323 majestatis
1259 1271 1301 1310 in
1324 1270 1391 1310 illa
1414 1271 1499 1309 est!

289 1349 338 1386 Et
357 1346 453 1398 quid
472 1346 560 1385 laeta
579 1344 694 1392 foret,
717 1343 844 1396 qualis
864 1343 1000 1394 regina
1022 1342 1193 1394 superbo

289 1418 379 1458 Alta
405 1417 549 1457 sedens
575 1416 687 1465 solio,
708 1416 738 1454 si
757 1414 882 1467 gioria
906 1414 1097 1465 suppliciis
1118 1413 1275 1464 ingens,
1490 1413 1568 1451 225

290 1489 463 1541 Captivae
483 1489 516 1528 si
535 1493 671 1527 tantus
691 1487 841 1526 honos!
873 1485 975 1525 Proh
995 1485 1123 1525 duleis
1143 1489 1352 1524 amantum

288 1560 393 1609 Vita,
415 1572 488 1600 neo
508 1559 672 1599 alternis
691 1558 901 1598 eoncordia
925 1562 1041 1609 rupta
1065 1556 1261 1609 querelis!

288 1635 375 1672 Una
392 1632 555 1684 quidem
574 1630 707 1680 facies,
732 1642 889 1682 semper
911 1641 1024 1669 inens
1048 1640 1142 1677 una,
1167 1627 1325 1668 duobus

289 1705 376 1744 Una
392 1703 503 1756 quies
522 1714 708 1754 unusque
724 1701 850 1750 labor,
878 1713 960 1740 non
978 1700 1184 1752 pulchrius
1205 1700 1300 1739 orbe

288 1778 363 1815 Par
385 1774 504 1815 fuerit
524 1779 621 1823 toto,
642 1774 725 1813 nisi
744 1785 817 1812 nos
837 1772 982 1812 oblivia
1006 1772 1145 1811 formae
1488 1772 1567 1810 ⁶230

288 1849 406 1888 Forte
425 1851 566 1887 tenent
585 1851 754 1895 nostrae,
781 1857 907 1897 genus
927 1849 965 1884 et
989 1856 1105 1883 mens
1125 1843 1261 1883 omnia
1280 1842 1442 1883 tandem

289 1918 557 1967 Conveniunt,
578 1929 771 1970 casusque
791 1928 930 1969 graves
951 1915 1105 1955 mollire
1124 1914 1290 1954 ferendo

290 1990 500 2039 Convenit,
521 1995 639 2041 atque
658 1995 751 2029 {etas
772 1988 899 2041 spatio
922 1987 1133 2035 distincta3
1165 1986 1273 2038 quod
1293 1986 1390 2038 ipsis

290 2062 534 2114 Conjugihus
554 2066 711 2114 gratum
726 2073 813 2101 esse
830 2064 979 2112 potest,
997 2058 1184 2111 quodque
1202 2057 1289 2109 ipse
1306 2057 1457 2098 notavi.

289 2135 485 2175 Convenit
502 2134 568 2175 ille
585 2134 703 2174 etiam
728 2133 796 2186 qui
815 2131 985 2173 summis
1004 2130 1143 2170 infima
1164 2129 1272 2170 solus
1489 2130 1566 2168 235

332 2344 408 2374 211.
428 2342 644 2375 Fortunarum
663 2344 695 2374 in
718 2344 769 2375 ed.
795 2344 881 2381 Bas„
903 2341 1036 2382 fortuna
1057 2345 1149 2374 tuum
1168 2340 1201 2372 in
1222 2339 1374 2371 omnibus
1393 2346 1455 2369 ms.

331 2402 407 2431 214.
432 2400 579 2433 Vinctum
599 2410 655 2440 pro
673 2401 792 2432 vit-lum
813 2400 844 2431 in
867 2409 929 2430 ms.
955 2400 989 2430 E.

333 2460 408 2488 227.
431 2458 538 2489 Altius
556 2457 586 2488 in
608 2458 661 2489 ed.
681 2458 769 2495 Bas„
785 2456 921 2488 alternis
941 2455 975 2486 in
996 2454 1149 2486 omnibus
1169 2463 1230 2485 ms.
