1865 2959
854 241 1063 275 -328-

320 328 528 365 Ostentare
549 324 645 374 situ,
667 323 916 377 reliquorum
938 336 1098 377 carpere
1124 326 1258 366 verbis

319 397 475 444 Omnia,
501 408 622 449 seque
641 396 761 436 duces
784 396 902 450 vulgo
922 403 1108 450 praestare
1128 398 1289 439 furenti.

318 472 396 509 Nec
419 469 543 521 pudet
563 468 756 508 adversus
775 469 994 522 primordia
1014 475 1145 511 vestra
1161 471 1285 523 jocari
1521 474 1594 512 765

317 540 483 593 Alpinos
501 540 691 580 hahuisse
709 545 858 593 patres,
887 541 1160 594 populumque
1181 555 1322 583 vocare

317 615 527 653 Pastorum
547 624 629 652 non
649 612 865 665 improprie
884 627 893 652 ε
921 625 1015 653 nam
1036 614 1171 666 J'udice
1190 616 1314 654 Marte

318 686 519 724 Hactenus
538 683 758 724 indomitos
778 696 891 737 reges
914 690 952 725 et
969 684 1075 725 bella
1093 685 1294 737 professos

321 757 369 796 Ut
387 755 556 796 totidem
575 756 753 796 tractatis
774 768 884 807 oves,
905 756 1123 809 populique
1146 756 1336 798 videntur

316 831 360 868 ln
381 827 545 880 pavidos
565 827 712 867 abiisse
733 839 885 879 greges.
910 830 978 868 Sat
997 828 1156 880 cognita
1177 829 1329 869 mundo
1519 833 1597 870 770

318 903 420 940 Sunt
440 900 597 952 generis
621 899 821 940 elementa
844 900 954 949 novi,
978 904 1017 940 et
1037 901 1226 941 Mavortis
1250 901 1358 953 origo

317 974 443 1022 Quem
460 971 573 1012 factis
591 983 732 1012 verum
759 984 846 1012 esse
869 977 1027 1024 patrem
1052 977 1092 1012 et
1115 972 1263 1012 virtute
1285 972 1476 1025 probatis.

318 1046 432 1084 Nunc
453 1043 521 1083 ubi
541 1043 659 1084 turha
677 1055 827 1084 nocens
841 1045 860 1084 ‘?
876 1043 1055 1084 Latebris
1076 1044 1222 1097 quibus
1240 1044 1374 1085 abdita
1390 1049 1519 1098 torpet

317 1115 511 1168 Degeneri
529 1115 703 1168 pellente
725 1117 868 1156 metu?
890 1118 967 1156 Cur
988 1128 1133 1168 magna
1150 1116 1269 1156 locuti

316 1190 404 1227 Non
423 1187 594 1228 redeunt
614 1187 782 1228 miseros
797 1193 835 1228 et
854 1187 1035 1228 hiantem
1055 1187 1190 1228 fallere
1202 1188 1359 1241 plebem
1522 1192 1597 1230 775

318 1259 533 1300 Pollicitis?
561 1260 725 1300 Utinam
746 1259 910 1300 veniant
929 1260 1180 1312 patriamque
1200 1260 1392 1311 revisant,

318 1334 368 1373 Ut
391 1332 506 1372 liceat
525 1336 661 1372 sontes
682 1331 837 1372 meritis
856 1331 1061 1372 innectere
1086 1332 1245 1382 vinclis,

316 1407 364 1444 Et
379 1405 550 1456 juvenes
568 1408 726 1456 raptare
745 1415 899 1443 senem.
923 1405 1011 1443 Non
1032 1403 1159 1443 laetior
1183 1404 1314 1457 amplo

316 1476 447 1529 Scipio
469 1476 714 1516 conscendet
738 1475 929 1528 Capitolia
950 1480 1083 1516 vestra
1096 1476 1303 1529 triumpho

317 1551 443 1597 Quam
463 1548 591 1589 nostri
612 1548 803 1589 scelerata
820 1548 932 1589 ducis
957 1561 1185 1602 compressa
1205 1549 1355 1589 catenis
1520 1552 1598 1590 780

316 1623 402 1662 Huc
424 1620 603 1661 traheret
622 1633 713 1661 mea
731 1621 831 1661 colla
845 1633 1004 1671 manus,
1030 1633 1316 1674 summumque
1336 1626 1517 1674 putarem

318 1695 377 1733 Me
397 1692 533 1745 patriae
552 1692 717 1732 infando
740 1693 901 1733 duxisse
923 1705 970 1733 ex
991 1693 1108 1734 hoste
1126 1693 1397 1745 triumphum.

318 1768 396 1805 Nec
414 1765 550 1805 minus
570 1764 878 1815 Hasdrubalem,
901 1766 931 1805 si
953 1765 1043 1817 quis
1065 1765 1162 1805 niilii
1186 1766 1375 1815 creditur,
1397 1766 1481 1806 odit

318 1836 496 1877 Perfidus
514 1836 580 1877 ille
599 1837 749 1886 animo,
772 1848 894 1890 quam
918 1849 1018 1889 quos
1038 1837 1112 1877 sibi
1133 1837 1319 1889 praedicat
1339 1837 1492 1887 hostes,

318 1911 396 1949 Nec
415 1908 541 1961 magis
560 1908 742 1949 horreret
760 1914 915 1950 vestros
932 1910 1155 1962 praecedere
1176 1922 1317 1950 currus
1517 1913 1591 1951 785·

316 1983 336 2021 J
343 1980 472 2021 udicio
490 1992 612 2033 quam
630 1985 733 2021 stare
754 1992 860 2021 meo.
883 1982 1033 2021 Verum
1052 1982 1137 2034 ipse
1152 1994 1224 2033 per
1247 1981 1411 2022 umbras

318 2051 465 2105 Effugit
482 2052 613 2092 noctis
634 2052 784 2099 medio,
813 2065 887 2093 nec
906 2064 1067 2093 cernere
1090 2053 1225 2093 vultus

318 2124 519 2165 Sustinuit
535 2129 695 2166 nostros
715 2137 876 2166 causam
896 2125 1041 2178 quibus
1060 2137 1146 2166 esse
1167 2125 1366 2166 malorum

318 2198 367 2236 Se
389 2201 528 2246 norat3
552 2197 726 2249 patriam
747 2197 884 2237 timuit
903 2202 1079 2250 spectare
1094 2203 1295 2239 ruentem.

365 2361 440 2391 773.
468 2359 536 2392 Tibi
558 2360 589 2391 in
604 2361 657 2392 ed.
678 2361 769 2398 Bas„
795 2359 848 2392 ubi
869 2360 902 2392 in
924 2361 1074 2392 omnibus
1096 2370 1157 2392 ms.

363 2418 439 2449 776.
462 2417 631 2450 Pollicitus
650 2418 684 2450 in
705 2419 756 2449 ed.
776 2418 865 2456 Bas„
884 2418 1041 2459 pollicitis
1059 2418 1089 2449 in
1108 2428 1168 2449 ms,
1192 2419 1228 2457 A,
1247 2418 1282 2456 B,
1302 2419 1336 2456 C,
1357 2419 1392 2456 D,
1415 2419 1449 2449 E.

364 2476 440 2507 780.
465 2473 556 2516 Quod
576 2474 607 2506 in
628 2475 682 2507 ed.
704 2476 792 2512 Bas..
813 2483 910 2516 quam
930 2474 961 2505 in
980 2475 1130 2507 omnibus
1148 2484 1208 2506 [ηε.

363 2532 438 2564 782.
462 2531 630 2574 Tropoeum
651 2532 682 2563 in
703 2532 755 2563 erl.
777 2532 867 2570 Bas„
888 2541 973 2564 corr.
996 2532 1027 2563 in
1049 2541 1110 2564 ms.
1130 2533 1152 2563 Α
1176 2541 1232 2573 pro
1257 2531 1473 2574 triumphum.
