1865 2959
793 313 836 318 —
862 293 931 328 355
959 311 999 317 —-

260 380 420 428 Vectus,
443 382 480 418 et
503 377 650 429 irriguo
675 376 858 435 perfusus
884 375 1066 415 membra
1091 385 1231 426 sopore

260 453 348 491 Non
374 449 495 490 sentit
516 449 685 489 transire
705 449 827 498 diem,
847 447 1090 499 longamque
1110 450 1275 497 repente
1459 447 1538 484 ⁹295

261 521 490 561 Decrevisse
510 521 617 560 viam
636 524 785 572 stupet,
806 523 844 559 et
864 518 929 557 vix
946 517 1132 557 credulus
1156 517 1281 557 audit.

260 593 451 645 Hesperio
472 593 584 633 loevis
607 591 813 644 Zephyrus
834 590 1019 642 surgebat
1042 589 1090 629 ab
1118 601 1217 629 axe:

260 665 356 705 Vela
372 665 477 704 levat
495 663 647 713 classis,
671 669 758 703 turn
779 663 917 702 dextro
937 660 1096 701 tramite
1119 672 1245 712 prorae

262 737 501 785 Volvuntur,
527 735 740 787 fratrisque
758 734 800 774 in
820 734 950 774 locum
968 732 1139 785 Cynthia
1158 743 1309 784 pernox

264 807 460 860 Invigilat,
476 807 671 859 lassisque
691 806 828 846 datum
850 805 1097 857 requiescere
1116 804 1265 844 nautis.
1465 806 1541 843 300

264 880 438 931 Remigis
457 884 502 919 ut
523 879 712 930 strepitus
732 878 841 917 siluit
862 877 1087 929 stridorque
1107 877 1341 925 rudentum,

264 951 393 1003 Scipio
412 950 521 990 mitis
541 951 620 990 ait:
648 965 664 986 (ι
684 951 762 990 Seu
785 954 893 999 sunt,
919 961 988 988 seu
1014 948 1107 988 talia
1125 947 1259 1000 fingis,

264 1022 399 1062 Dulcia
414 1027 522 1071 sunt,
540 1021 688 1062 fateor:
712 1032 934 1073 sensusque
961 1025 998 1060 et
1019 1024 1179 1072 pectora
1196 1018 1393 1068 mulcens,

264 1094 379 1134 Illum
398 1093 583 1146 equidem
600 1095 684 1145 jam
699 1104 806 1132 nunc
820 1094 1096 1145 juvenemque
1110 1102 1341 1142 novumque
1357 1095 1514 1142 poetam

264 1165 512 1217 Complector
530 1165 600 1204 tibi
616 1177 724 1204 nunc
745 1165 876 1204 visum
896 1163 1180 1216 quondamque
1199 1162 1370 1215 parenti,
1469 1164 1544 1201 305

265 1237 593 1288 Promissumque
611 1236 711 1276 mihi
730 1235 888 1288 gemino
905 1246 1120 1287 sponsore:
1140 1233 1314 1286 profecto

265 1307 391 1359 Diligo
412 1308 592 1360 quisquis
614 1308 709 1357 erit;
733 1308 764 1347 si
783 1307 934 1356 nullus,
959 1306 1079 1358 diligo
1101 1306 1272 1346 nullum.
1295 1320 1314 1343 »

266 1380 440 1429 Dixerat,
461 1384 499 1420 et
517 1379 619 1420 facili
640 1379 871 1432 praebebant
897 1390 1062 1430 corpora
1082 1390 1240 1418 somno.

267 1452 333 1491 Sol
352 1452 486 1504 pelago
511 1452 670 1492 rediens
691 1451 758 1492 ubi
777 1451 953 1504 primum
969 1450 1133 1490 emersit
1152 1452 1249 1498 Eoo,

267 1525 532 1575 lugentesque
546 1523 682 1575 procul
699 1523 874 1575 jactabat
894 1522 1084 1562 carbasus
1104 1521 1284 1569 umbras,
1471 1522 1548 1559 310

267 1594 416 1634 Littora
441 1595 689 1647 prospiciunt
708 1594 857 1634 alacres
881 1593 1057 1646 Lilybeia
1077 1598 1226 1643 nautae,

266 1666 592 1718 Trinacriamque
614 1666 697 1718 pari
713 1666 928 1706 concordes
944 1677 1038 1705 voce
1057 1665 1248 1705 salutant.

267 1740 285 1777 J
293 1749 355 1777 am
383 1740 613 1789 Drepanum
634 1737 897 1789 praetervecti,
916 1739 1082 1789 jamque
1102 1748 1223 1776 omne
1243 1735 1415 1776 remensi

269 1809 365 1848 Inde
380 1808 484 1848 latus
505 1808 699 1859 Siculum,
724 1808 861 1848 solidae
884 1808 1038 1848 telluris
1056 1808 1097 1848 in
1116 1807 1221 1848 arvis

269 1882 321 1920 Ut
340 1880 515 1933 primum
537 1892 709 1932 posuere
732 1880 870 1932 pedes,
893 1880 1162 1932 pulcherrima
1181 1890 1273 1919 rura
1474 1879 1550 1916 315

269 1951 463 1991 Terrestri
483 1963 643 1992 secuere
663 1952 740 1992 via.
764 1954 852 1992 Non
873 1952 1048 1992 carmine
1066 1956 1202 1991 nostro

270 2023 423 2063 Laetitia
448 2023 583 2074 Italiae,
607 2023 856 2064 occursantia
874 2023 1023 2075 passim

271 2095 441 2147 Agmina
460 2095 613 2145 victori,
640 2095 792 2148 populi,
814 2107 895 2134 non
914 2095 1084 2135 urbibus
1104 2093 1274 2142 haustiS,

272 2168 434 2206 Servata
457 2173 587 2219 grates
607 2179 678 2219 pro
699 2167 882 2207 libertate
910 2171 1114 2216 canentes,

273 2240 384 2278 Stare
404 2244 571 2290 queunt,
592 2239 718 2279 donec
737 2238 873 2291 patriae
892 2238 965 2278 sub
984 2238 1133 2278 moenia
1150 2241 1318 2277 ventum
1341 2240 1416 2284 cst,
1476 2236 1553 2273 3⁹20

273 2313 321 2350 Et
340 2311 443 2351 luxit
464 2317 620 2363 sperata
639 2312 724 2352 dies
742 2316 982 2363 tempusque
1000 2309 1214 2362 triumphi.

321 2458 396 2487 301.
420 2456 600 2490 Rudenlcm
620 2456 651 2487 in
671 2458 720 2487 ed.
746 2457 832 2494 Bas„
856 2456 1030 2488 ›udeutum
1055 2456 1086 2486 in
1112 2464 1171 2485 ins.
1195 2456 1231 2492 A,
1255 2455 1288 2491 E,
1310 2454 1342 2484 F.

321 2515 396 2544 308.
421 2512 562 2554 Corpora
582 2522 666 2544 corr.
691 2522 748 2552 pro
771 2512 897 2544 lumina
920 2513 952 2543 in
975 2522 1033 2543 ms.
1059 2513 1092 2542 Α.

323 2571 398 2600 320.
422 2568 545 2609 Queam
567 2569 598 2600 in
620 2570 671 2600 ed.
694 2570 783 2607 Bas„
805 2573 926 2609 queunt
948 2570 979 2600 in
1003 2578 1062 2600 ms.
1086 2569 1110 2599 A
1129 2568 1256 2609 lauru),
1281 2569 1316 2605 Β,
1338 2569 1372 2605 (2,
1394 2568 1431 2597 I).
