1865 2959
863 241 1071 278 —176—

323 328 508 379 Lumina,
531 326 690 369 terrifici
711 327 887 380 disjectis
907 325 1085 367 nubibus
1105 324 1218 378 ignes

325 401 508 443 Przestrin
515 405 628 454 gunt,
640 412 828 454 morsque
840 404 932 441 ante
943 399 1080 452 pedes,
1090 409 1165 438 nec
1173 397 1330 438 flectere
1341 408 1544 450 quoquam
1554 398 1631 438 305

324 473 458 514 Possis
478 473 567 523 iter,
589 483 663 513 nec
683 477 787 512 stare
807 483 928 524 queas
947 485 956 521 ;
979 470 1073 511 hinc
1090 470 1222 510 luctus
1243 474 1280 510 et
1300 469 1457 520 horror,

326 545 608 598 Lugubresque
628 544 764 597 procul
785 547 974 584 resonant
996 555 1064 595 per
1083 542 1222 582 nubila
1238 554 1371 583 voces.

324 617 448 658 Multa
468 616 541 657 sub
560 616 636 657 hoc
655 621 815 669 tempus
834 615 1062 656 micuerunt
1081 614 1215 654 indole
1235 614 1339 654 clara

325 690 446 742 Signa
470 689 581 729 ducis
605 688 818 729 manifesta
844 687 954 737 novi,
983 687 1044 727 vir
1067 691 1243 739 quantus
1268 686 1310 726 in
1335 686 1472 737 armis,

324 765 373 803 Et
391 767 566 815 quantus
586 766 675 814 post
693 761 796 801 bella
815 759 917 801 foret
935 774 944 810 ;
961 771 1133 813 namque
1154 770 1264 799 arma
1285 763 1472 800 movente
1529 760 1606 798 310

323 834 446 875 Milite
466 834 514 874 ab
535 834 720 884 adverso,
743 845 825 873 non
848 835 948 873 Mars
972 831 1182 873 violentior
1201 836 1315 884 urget

323 906 470 947 Infesto
496 911 658 947 temone
683 904 834 955 trahas,
862 917 936 945 nec
961 904 1138 946 acerbior
1164 903 1294 944 Hebro

322 980 565 1031 spumantes
585 978 788 1031 immergit
807 989 930 1031 equos
948 992 957 1028 ;
980 989 1120 1018 verum
1141 988 1228 1017 arce
1247 975 1402 1017 reclusa

321 1051 457 1092 Hostis
477 1051 546 1091 ubi
565 1051 615 1091 ad
636 1051 794 1092 veniam
815 1050 1000 1103 projectis
1021 1049 1193 1090 concidit
1211 1048 1350 1097 armis,

322 1123 427 1164 Ilicet
447 1123 669 1164 exstinctus
689 1123 829 1164 cecidit
848 1122 972 1173 furor,
993 1122 1131 1175 iraque
1151 1121 1270 1162 cessit
1528 1121 1605 1160 315

323 1195 441 1236 Pulsa
460 1195 594 1236 animo
615 1195 849 1248 ferrumque
867 1206 1006 1235 manu.
1029 1194 1092 1235 Sic
1111 1199 1195 1234 atra
1213 1198 1370 1234 serenat

320 1267 465 1308 Nubila
486 1267 648 1320 pacifico
675 1268 910 1320 despectans
935 1267 1122 1320 ,Iuppiter
1146 1278 1227 1317 ore,

321 1341 600 1394 Continuoque
619 1340 737 1381 silent
755 1340 864 1381 venti
881 1340 1120 1392 fugiuntque
1140 1338 1337 1392 procellae.

322 1412 389 1452 Sol
408 1412 524 1463 nitet,
547 1417 758 1466 emergunt
775 1412 898 1453 fuscis
919 1424 991 1453 sua
1007 1411 1193 1452 noctibus
1214 1417 1332 1460 astra,

320 1486 369 1525 Et
388 1485 539 1525 inundo
562 1497 634 1526 sua
651 1484 780 1526 forma
799 1485 917 1526 redit.
940 1487 1030 1525 Jam
1049 1484 1174 1524 victor
1195 1484 1244 1524 ad
1261 1495 1392 1524 arcem
1527 1485 1604 1524 320

318 1557 575 1610 Tranquillus
594 1557 780 1598 volvebat
799 1558 888 1608 iter,
908 1559 1167 1610 Romanaque
1186 1555 1301 1597 celsis

318 1629 514 1670 Turribus
539 1629 644 1682 affigi
668 1630 844 1670 victricia
870 1629 983 1682 signa
1004 1629 1186 1682 jubebat.

319 1704 413 1742 Post
428 1702 514 1742 haec
531 1714 640 1742 sacra
659 1703 749 1742 Deis
767 1702 1007 1755 meritasque
1022 1702 1241 1754 rependere
1261 1705 1392 1753 grates

318 1774 521 1824 Instituit3
546 1774 675 1815 stabat
695 1775 848 1815 cinctus
869 1775 916 1815 de
938 1786 1050 1815 more
1074 1774 1272 1825 sacerdos,

319 1849 493 1900 Lataque
511 1847 643 1888 devoti
660 1846 826 1888 feriebat
840 1853 1000 1900 pectora
1016 1847 1133 1888 tauri.
1525 1849 1601 1887 325

319 1919 573 1971 Compellans
593 1920 642 1960 ad
667 1932 775 1960 sacra
798 1922 940 1961 Jovem
962 1919 1237 1973 Phrygiosque
1257 1923 1421 1972 penates

319 1992 638 2046 Romuleamque
659 1992 837 2033 animam
864 1997 1109 2045 cunctosque
1129 2004 1177 2032 ex
1195 1991 1334 2032 ordine
1355 1992 1468 2033 divos

321 2064 514 2105 Custodes
538 2065 655 2116 Latii,
677 2078 851 2119 quorum
870 2065 1062 2118 Capitolia
1080 2077 1184 2106 curae

318 2137 476 2177 Credita
494 2143 697 2191 perpetua}
717 2138 860 2179 mundi
880 2143 997 2191 caput
1018 2150 1104 2179 csse
1124 2142 1345 2185 merentur,

317 2209 389 2250 His
410 2210 506 2251 actis
528 2215 659 2264 grates
680 2211 860 2263 meritaS,
884 2216 922 2252 ct
943 2210 1076 2252 debita
1097 2210 1214 2252 solvit
1522 2210 1599 2249 330

364 2421 440 2453 323.
461 2419 527 2453 Hoc
546 2419 581 2452 in
598 2421 651 2453 ed.
675 2422 762 2462 Bas„
785 2421 853 2454 haec
882 2422 914 2454 in
945 2421 1098 2454 omnibus
1119 2431 1198 2461 ms.;
1219 2422 1337 2454 merila
1369 2421 1402 2454 in
1429 2422 1481 2454 ed.
1506 2421 1594 2460 Bas„

319 2477 454 2509 meritas
472 2477 506 2509 in
526 2487 587 2510 ms.
610 2479 649 2518 Α,
666 2480 702 2519 Ε,
718 2480 754 2511 F.

364 2535 439 2567 327.
460 2534 573 2570 Custos
592 2536 626 2568 in
646 2537 699 2569 ed.
721 2537 809 2576 Bas„
831 2536 1011 2570 cunctosin
1027 2537 1179 2570 omnibus
1199 2546 1261 2570 ms.
