1865 2959
751 212 936 247 ..37-

206 298 370 341 vertice
378 331 462 339 .....
499 297 672 339 curiosa
707 295 901 353 quadam
938 296 1158 354 elegantia
1177 295 1223 344 (l)
1257 314 1277 336 »
1312 296 1479 340 (leseri-

206 375 326 417 bero.
359 374 440 417 Hie
477 373 610 417 etiam
637 373 816 431 longius
843 388 970 431 aequo
1002 376 1319 426 commoratur,
1343 373 1479 418 modo

205 451 412 503 Africani,
444 450 579 494 modo
610 451 739 494 Ennii
780 451 1047 495 somniantis
1076 452 1263 509 vestigia
1300 451 1479 496 insecu-

209 529 362 576 111312).
389 528 533 573 Semel
566 532 742 571 tantum
769 529 930 572 fabulis
962 529 1057 572 istis
1093 529 1256 586 quihus
1290 528 1480 573 delecta-

206 608 368 651 bantur
388 610 561 651 veteres
586 620 696 649 usus
715 609 796 658 est,
819 620 960 664 quum
976 607 1161 650 Romam
1183 610 1226 650 et
1245 606 1475 664 Carthagi-

206 697 309 727 nem
351 684 396 726 in
425 683 666 727 femineam
704 684 895 727 formam
939 686 1134 727 mutatas
1184 686 1288 728 ante
1321 684 1475 728 ι10111111

204 760 456 805 adduxerit.
492 761 573 804 Hie
599 764 666 804 est
693 760 785 805 fere
810 760 946 804 totius
982 760 1202 818 poematis
1228 761 1369 812 loeus,
1403 759 1477 803 11111

204 842 320 882 artes
366 839 463 882 illas
500 839 684 896 paganis
722 838 899 882 vatibus
940 838 1135 883 maxime
1187 841 1317 883 notas
1349 837 1478 881 adhi-

204 916 365 960 buerit.

263 993 381 1036 Alias
402 992 599 1037 ostendit
621 993 951 1051 Sophonisbam
979 993 1035 1037 ad
1055 993 1223 1038 inferos
1244 993 1480 1039 immensae

160 1055 163 1059 .
204 1070 346 1115 turbae
377 1070 573 1115 mediam
595 1070 947 1115 descendentem
965 1074 1008 1115 et
1029 1070 1086 1115 011
1107 1074 1301 1115 mortem
1318 1071 1477 1115 volun-

203 1149 360 1192 tariam
381 1162 406 1192 a
424 1148 569 1192 Minoe
591 1148 864 1192 damnatam.
889 1149 1049 1192 AEaous
1067 1151 1218 1192 autem
1236 1148 1376 1193 veluti
1392 1148 1478 1192 mi—

204 1226 425 1270 seratione
442 1225 636 1283 ‹isuadam
655 1230 910 1269 commotus
933 1226 1141 1284 assurgit,
1167 1229 1210 1270 et
1229 1225 1344 1269 hano
1362 1226 1478 1284 regi-

203 1318 306 1347 nam
325 1304 418 1361 jam
436 1304 615 1347 fortuna
636 1303 815 1347 duriore
834 1304 1133 1347 conflictatam
1166 1304 1212 1346 in
1238 1303 1323 1347 alia
1342 1303 1479 1347 mittit

203 1382 312 1428 loen,
338 1381 413 1425 11111
437 1382 586 1439 jacent
607 1382 682 1438 qui
703 1381 868 1426 amoris
895 1395 1025 1426 eausa
1052 1381 1238 1440 periere.
1273 1382 1379 1426 Haeo
1411 1384 1478 1425 est

203 1459 385 1516 quidem
406 1458 555 1501 sabula
575 1459 767 1502 Maronis
789 1475 797 1502 t

319 1560 490 1595 Proxima
508 1560 642 1595 deinde
663 1563 790 1595 tenent
810 1560 932 1595 moesti
948 1561 1028 1595 loca
1047 1560 1112 1606 qui
1129 1559 1199 1595 sibi
1218 1560 1335 1595 letum

319 1621 484 1656 Insontes
502 1630 681 1666 peperere
702 1630 817 1654 manu
825 1646 894 1655 .....

261 1718 312 1760 Ε1
330 1717 445 1760 ultra
471 1731 480 1760 :

319 1811 382 1847 Hic
397 1822 490 1858 quos
510 1810 626 1846 durus
645 1821 751 1846 amor
770 1810 911 1845 crudeii
932 1811 1014 1846 tabe
1033 1810 1175 1856 peredit

319 1871 457 1907 Secreti
475 1871 595 1906 celant
612 1871 721 1906 calles
742 1872 778 1905 et
795 1872 939 1916 myrtea
960 1870 1098 1905 circum

319 1931 416 1967 Silva
434 1930 525 1977 tegit
531 1956 603 1966 .....

260 2027 353 2070 Imo
378 2025 538 2069 iisdem
558 2026 651 2070 fere
676 2025 827 2070 verbis
844 2026 985 2069 utitur
1008 2025 1245 2069 Petraroha
1269 2042 1278 2068 :

321 2148 390 2156 .....
413 2121 476 2157 Hie
493 2121 576 2156 latis
596 2123 737 2156 aeterna
757 2121 903 2156 silentia
924 2121 1063 2167 campis

318 2181 529 2227 Myrteaque
550 2180 775 2216 umbriferos
792 2183 896 2216 vetus
916 2180 1032 2215 ambit
1050 2180 1139 2215 silva
1159 2190 1335 2216 recessus.

245 2318 290 2359 (1)
311 2319 395 2351 Dial.
419 2319 463 2351 De
482 2322 669 2362 contemptu
689 2320 817 2358 mundi,
837 2320 932 2360 praes.

245 2376 290 2416 (Ξ)
311 2376 358 2406 Cf.
382 2375 473 2407 Fam.
501 2384 531 2413 v,
555 2379 571 2407 7
590 2386 597 2407 :
624 2377 766 2407 Somniis
786 2377 881 2408 fidem
905 2377 1022 2413 habeo,
1045 2386 1105 2406 non
1126 2375 1229 2416 magis
1250 2385 1345 2415 quain
1366 2374 1476 2406 Cicero

200 2432 282 2472 ipso,
305 2435 435 2472 propter
455 2432 552 2464 unius
575 2433 626 2464 sui
646 2433 764 2465 somnii
793 2433 958 2465 fortuitam
983 2433 1153 2464 veritatem
1168 2457 1175 2469 ,
1205 2432 1382 2463 multorum
1403 2439 1474 2462 am·

199 2490 337 2530 bag-ibus
359 2489 556 2530 impiicatur.
