1865 2959
635 481 817 521 LIBER
864 478 1228 519 SECUNDUS.

708 799 1053 833 ARGUMENTim
1089 782 1151 828 (1).

423 910 555 942 Talibus
572 910 718 940 intentus
737 909 829 947 pater
848 907 1002 937 admonet
1021 905 1068 936 ire
1085 915 1093 941 3
1116 905 1171 935 sed
1190 903 1245 935 ille

424 967 514 999 Scire
534 966 626 1006 cupit
642 964 719 1004 quid
739 964 805 994 sata
822 963 935 995 velint.
959 964 1035 1001 Quae
1051 964 1169 993 cuneta,
1186 961 1331 1002 benigne

425 1023 642 1063 Assequitur‘,
664 1029 816 1061 quasnam
834 1019 1003 1060 praesentis
1026 1018 1130 1059 gloria
1150 1018 1228 1049 belli

423 1083 595 1112 Auctorem
614 1081 755 1115 maneat,
777 1086 851 1117 quae
872 1086 943 1108 sors
964 1076 1144 1115 urbemque
1164 1076 1362 1115 ducemque,

426 1139 598 1169 l'oenorum
620 1139 654 1166 ut
674 1145 738 1166 non
760 1135 814 1171 sit,
837 1135 921 1165 victa
942 1133 1140 1173 Carthagine
1162 1134 1308 1173 posthae,

425 1197 526 1235 Quem
551 1194 671 1234 pudent
692 1202 764 1224 sese
787 1193 941 1223 Romanae
959 1191 1101 1222 subdere
1121 1190 1222 1231 genti.

424 1255 502 1286 lnde
522 1255 624 1286 duces
647 1262 782 1293 magnos
802 1255 834 1283 ct
852 1252 983 1282 nomina
1003 1261 1076 1282 rara
1098 1253 1256 1290 nepotum

424 1313 676 1350 Caesareumque
697 1318 825 1350 genus:
851 1318 991 1351 cumque
1010 1308 1062 1339 his
1083 1308 1238 1339 attentior
1256 1308 1348 1339 audit

421 1370 537 1400 Casum
562 1367 665 1406 urbis,
686 1367 889 1398 monimenta
908 1366 1007 1406 patris
1026 1375 1205 1405 casumque
1227 1365 1382 1405 sepulcri.

287 1479 452 1520 Talibus
477 1479 680 1519 intentum
702 1483 814 1530 pater
831 1476 984 1529 arripit,
1005 1480 1123 1528 atque
1143 1474 1318 1527 benigne
1345 1489 1353 1514 ε

295 1555 524 1605 «Tempus,
551 1550 620 1601 ait,
643 1549 740 1590 coelo
758 1549 1001 1589 descendere
1019 1562 1028 1598 ;
1051 1547 1177 1600 gratia
1193 1559 1282 1587 rura

293 1627 379 1666 Huc
399 1624 557 1665 venisse
575 1622 671 1672 fuit3
694 1622 895 1674 patienter
921 1620 1030 1661 abire
1054 1620 1245 1660 decorum
1262 1625 1338 1660 est.

293 1721 346 1727 —
362 1699 420 1738 Ne
441 1706 790 1749 propera,preeor‚
813 1693 916 1733 alme
936 1704 1103 1745 parens:
1133 1692 1231 1744 quin
1251 1692 1412 1743 digeris,
1434 1691 1581 1744 inquit,

340 1832 387 1873 (1)
408 1832 442 1862 E.
467 1840 528 1861 rus.
547 1829 570 1860 Α
589 1830 792 1868 excerptum.
811 1828 877 1858 Hoc
897 1826 986 1858 aliud
1009 1826 1040 1857 in
1062 1827 1116 1857 ed.
1139 1826 1252 1856 Venet.
1275 1824 1418 1867 legitur:

428 1888 561 1919 Talibus
577 1887 742 1917 intentum
764 1888 858 1926 puter
877 1884 1017 1924 arripit:
1041 1883 1182 1923 amplius
1203 1884 1301 1914 heros

426 1946 515 1977 Scire
537 1945 645 1976 sutura
662 1943 771 1983 cupit3
791 1942 920 1982 recipit,
944 1944 1098 1972 narrante
1118 1944 1266 1981 parente,

430 2001 567 2034 Fallacis
585 2010 642 2041 per
661 2003 779 2032 cuncta
800 2000 878 2031 velit
901 2009 965 2030 neu
984 1999 1120 2030 credere
1141 1997 1249 2029 verbis

429 2058 634 2095 Hannibalis,
656 2066 754 2097 quem
776 2057 864 2087 clara
885 2055 977 2087 ducis
999 2055 1132 2087 victoria
1153 2055 1286 2086 flentem

431 2116 520 2148 ltalia
542 2116 711 2156 patrioque
733 2115 846 2154 procul
868 2115 907 2144 de
930 2113 1040 2144 littore
1060 2113 1171 2153 pollet.

432 2174 511 2205 lnde
531 2173 630 2204 duces
647 2172 728 2203 alios
744 2172 897 2202 Romanae
915 2169 1027 2210 stirpis
1044 2171 1082 2201 ab
1105 2169 1168 2200 illis

431 2230 540 2262 Julius
560 2234 591 2261 et
611 2229 743 2265 Murius,
765 2227 941 2268 Pompeius
958 2228 1066 2259 clarus
1087 2227 1118 2257 in
1138 2225 1239 2257 armis

434 2288 588 2320 Ausoniis
608 2288 721 2319 Divum
740 2288 799 2318 hos
821 2286 969 2326 sequitur
988 2284 1170 2317 clarissima
1190 2283 1298 2324 proles
1311 2308 1319 2321 ‚

434 2348 682 2387 Augustumque
702 2354 820 2385 genus.
842 2343 912 2375 Itali
927 2343 1058 2383 fastigia
1080 2342 1187 2382 regni,

435 2404 539 2442 Atque
560 2411 676 2443 graves
696 2403 809 2442 lapsus
830 2403 1060 2442 praeceptaque
1077 2408 1169 2430 sacra
1191 2396 1348 2438 parentis.

346 2461 377 2490 2.
399 2459 517 2491 Paucis
537 2469 595 2500 pro
612 2468 689 2490 rara
711 2458 744 2489 in
766 2468 829 2489 ms.
852 2459 886 2488 E.

346 2518 379 2549 4.
401 2516 553 2558 Diyneris
573 2516 606 2547 in
627 2516 679 2547 ed.
698 2516 789 2552 Bas.,
810 2514 931 2556 digeris
948 2514 980 2546 in
995 2522 1058 2546 ms.
1079 2513 1117 2552 Α,
1135 2513 1171 2552 B,
1188 2512 1224 2551 C,
1246 2513 1286 2550 Ι),
1307 2511 1341 2543 Ε.
