<?xml version="1.0" encoding="UTF-8"?>
<!DOCTYPE html PUBLIC "-//W3C//DTD XHTML 1.0 Transitional//EN"
    "http://www.w3.org/TR/xhtml1/DTD/xhtml1-transitional.dtd">
<html xmlns="http://www.w3.org/1999/xhtml" xml:lang="en" lang="en">
 <head>
  <title>
</title>
<meta http-equiv="Content-Type" content="text/html;charset=utf-8" />
  <meta name='ocr-system' content='tesseract 3.04.00' />
  <meta name='ocr-capabilities' content='ocr_page ocr_carea ocr_par ocr_line ocrx_word'/>
</head>
<body>
  <div class='ocr_page' id='page_1' title='image "africa1872petr_0060.png"; bbox 0 0 1865 2959; ppageno 0'>
   <div class='ocr_carea' id='block_1_1' title="bbox 348 265 1638 2356">
    <p class='ocr_par' dir='ltr' id='par_1_1' title="bbox 348 265 1635 469">
     <span class='ocr_line' id='line_1_1' title="bbox 350 265 1634 326; baseline 0 -13"><span class='ocrx_word' id='word_1_1' title='bbox 350 269 485 313; x_wconf 89' lang='lat' dir='ltr'>etiam</span> <span class='ocrx_word' id='word_1_2' title='bbox 505 281 605 326; x_wconf 81' lang='lat' dir='ltr'>quae</span> <span class='ocrx_word' id='word_1_3' title='bbox 628 280 749 320; x_wconf 73' lang='lat' dir='ltr'>vera,</span> <span class='ocrx_word' id='word_1_4' title='bbox 780 281 881 326; x_wconf 82' lang='lat' dir='ltr'>quae</span> <span class='ocrx_word' id='word_1_5' title='bbox 907 266 1020 311; x_wconf 85' lang='lat' dir='ltr'>falsa</span> <span class='ocrx_word' id='word_1_6' title='bbox 1037 269 1190 311; x_wconf 78' lang='lat' dir='ltr'>essent</span> <span class='ocrx_word' id='word_1_7' title='bbox 1216 265 1264 309; x_wconf 91' lang='lat' dir='ltr'>in</span> <span class='ocrx_word' id='word_1_8' title='bbox 1287 267 1536 326; x_wconf 82' lang='lat' dir='ltr'>originibus</span> <span class='ocrx_word' id='word_1_9' title='bbox 1558 283 1634 313; x_wconf 90' lang='lat' dir='ltr'>ur-</span> 
     </span>
     <span class='ocr_line' id='line_1_2' title="bbox 349 344 1635 406; baseline 0 -16"><span class='ocrx_word' id='word_1_10' title='bbox 349 347 418 391; x_wconf 88' lang='lat' dir='ltr'>bis</span> <span class='ocrx_word' id='word_1_11' title='bbox 448 349 718 405; x_wconf 77' lang='lat' dir='ltr'>pensantem</span> <span class='ocrx_word' id='word_1_12' title='bbox 750 350 794 391; x_wconf 89' lang='lat' dir='ltr'>et</span> <span class='ocrx_word' id='word_1_13' title='bbox 823 345 1106 405; x_wconf 77' lang='lat' dir='ltr'>seligentem.</span> <span class='ocrx_word' id='word_1_14' title='bbox 1136 344 1213 389; x_wconf 91' lang='lat' dir='ltr'>Cui</span> <span class='ocrx_word' id='word_1_15' title='bbox 1231 348 1329 389; x_wconf 89' lang='lat' dir='ltr'>tum</span> <span class='ocrx_word' id='word_1_16' title='bbox 1352 345 1448 390; x_wconf 90' lang='lat' dir='ltr'>sola</span> <span class='ocrx_word' id='word_1_17' title='bbox 1465 347 1635 406; x_wconf 81' lang='lat' dir='ltr'>Virgilii</span> 
     </span>
     <span class='ocr_line' id='line_1_3' title="bbox 348 424 1025 469; baseline -0.004 0"><span class='ocrx_word' id='word_1_18' title='bbox 348 425 446 469; x_wconf 88' lang='lat' dir='ltr'>laus</span> <span class='ocrx_word' id='word_1_19' title='bbox 469 424 637 469; x_wconf 87' lang='lat' dir='ltr'>deerat.</span> <span class='ocrx_word' id='word_1_20' title='bbox 1018 427 1025 466; x_wconf 82' lang='grc' dir='ltr'>ἶ</span> 
     </span>
    </p>

    <p class='ocr_par' dir='ltr' id='par_1_2' title="bbox 350 501 1638 1810">
     <span class='ocr_line' id='line_1_4' title="bbox 409 501 1636 560; baseline 0 -14"><span class='ocrx_word' id='word_1_21' title='bbox 409 502 600 554; x_wconf 82' lang='lat' dir='ltr'>Quidam</span> <span class='ocrx_word' id='word_1_22' title='bbox 629 506 738 547; x_wconf 83' lang='lat' dir='ltr'>tune</span> <span class='ocrx_word' id='word_1_23' title='bbox 766 501 990 546; x_wconf 89' lang='lat' dir='ltr'>florebant</span> <span class='ocrx_word' id='word_1_24' title='bbox 1021 505 1191 560; x_wconf 80' lang='lat' dir='ltr'>poetae,</span> <span class='ocrx_word' id='word_1_25' title='bbox 1228 502 1495 547; x_wconf 86' lang='lat' dir='ltr'>Bonattinus</span> <span class='ocrx_word' id='word_1_26' title='bbox 1530 503 1636 548; x_wconf 87' lang='lat' dir='ltr'>Ber-</span> 
     </span>
     <span class='ocr_line' id='line_1_5' title="bbox 350 580 1636 640; baseline 0.001 -16"><span class='ocrx_word' id='word_1_27' title='bbox 350 581 608 640; x_wconf 86' lang='lat' dir='ltr'>gamensis,</span> <span class='ocrx_word' id='word_1_28' title='bbox 644 580 907 625; x_wconf 88' lang='lat' dir='ltr'>Albertinus</span> <span class='ocrx_word' id='word_1_29' title='bbox 945 580 1171 631; x_wconf 86' lang='lat' dir='ltr'>Mussato,</span> <span class='ocrx_word' id='word_1_30' title='bbox 1215 580 1549 625; x_wconf 84' lang='lat' dir='ltr'>Convennolius</span> <span class='ocrx_word' id='word_1_31' title='bbox 1580 580 1636 626; x_wconf 89' lang='lat' dir='ltr'>de</span> 
     </span>
     <span class='ocr_line' id='line_1_6' title="bbox 352 657 1633 718; baseline 0.001 -16"><span class='ocrx_word' id='word_1_32' title='bbox 352 659 496 710; x_wconf 88' lang='lat' dir='ltr'>Prato,</span> <span class='ocrx_word' id='word_1_33' title='bbox 522 658 753 703; x_wconf 83' lang='lat' dir='ltr'>Coluoeius</span> <span class='ocrx_word' id='word_1_34' title='bbox 771 658 971 710; x_wconf 84' lang='lat' dir='ltr'>Salutati,</span> <span class='ocrx_word' id='word_1_35' title='bbox 993 657 1069 716; x_wconf 89' lang='lat' dir='ltr'>qui</span> <span class='ocrx_word' id='word_1_36' title='bbox 1091 658 1321 702; x_wconf 85' lang='lat' dir='ltr'>Maronem</span> <span class='ocrx_word' id='word_1_37' title='bbox 1341 672 1365 703; x_wconf 90' lang='lat' dir='ltr'>e</span> <span class='ocrx_word' id='word_1_38' title='bbox 1386 659 1633 718; x_wconf 88' lang='lat' dir='ltr'>longinquo</span> 
     </span>
     <span class='ocr_line' id='line_1_7' title="bbox 352 734 1635 793; baseline 0.001 -14"><span class='ocrx_word' id='word_1_39' title='bbox 352 735 516 779; x_wconf 88' lang='lat' dir='ltr'>imitari</span> <span class='ocrx_word' id='word_1_40' title='bbox 538 734 797 787; x_wconf 78' lang='lat' dir='ltr'>studebant,</span> <span class='ocrx_word' id='word_1_41' title='bbox 819 735 896 792; x_wconf 85' lang='lat' dir='ltr'>qui</span> <span class='ocrx_word' id='word_1_42' title='bbox 917 748 941 777; x_wconf 93' lang='lat' dir='ltr'>a</span> <span class='ocrx_word' id='word_1_43' title='bbox 959 734 1114 778; x_wconf 89' lang='lat' dir='ltr'>multis</span> <span class='ocrx_word' id='word_1_44' title='bbox 1132 734 1316 792; x_wconf 84' lang='lat' dir='ltr'>quidem</span> <span class='ocrx_word' id='word_1_45' title='bbox 1336 735 1497 793; x_wconf 85' lang='lat' dir='ltr'>plausu</span> <span class='ocrx_word' id='word_1_46' title='bbox 1515 737 1635 780; x_wconf 82' lang='lat' dir='ltr'>exei-</span> 
     </span>
     <span class='ocr_line' id='line_1_8' title="bbox 352 811 1636 873; baseline -0.002 -15"><span class='ocrx_word' id='word_1_47' title='bbox 352 813 605 873; x_wconf 84' lang='lat' dir='ltr'>piebantur,</span> <span class='ocrx_word' id='word_1_48' title='bbox 630 813 953 872; x_wconf 80' lang='lat' dir='ltr'>triumphoque</span> <span class='ocrx_word' id='word_1_49' title='bbox 981 812 1116 857; x_wconf 88' lang='lat' dir='ltr'>etiam</span> <span class='ocrx_word' id='word_1_50' title='bbox 1139 811 1436 858; x_wconf 78' lang='lat' dir='ltr'>donabantur.</span> <span class='ocrx_word' id='word_1_51' title='bbox 1469 815 1636 859; x_wconf 77' lang='lat' dir='ltr'>Ferunt.</span> 
     </span>
     <span class='ocr_line' id='line_1_9' title="bbox 351 890 1636 949; baseline 0 -13"><span class='ocrx_word' id='word_1_52' title='bbox 351 893 486 937; x_wconf 87' lang='lat' dir='ltr'>etiam</span> <span class='ocrx_word' id='word_1_53' title='bbox 508 892 713 944; x_wconf 88' lang='lat' dir='ltr'>Dantem,</span> <span class='ocrx_word' id='word_1_54' title='bbox 744 905 886 949; x_wconf 84' lang='lat' dir='ltr'>quum</span> <span class='ocrx_word' id='word_1_55' title='bbox 906 890 1113 935; x_wconf 72' lang='lat' dir='ltr'>Divinam</span> <span class='ocrx_word' id='word_1_56' title='bbox 1142 890 1418 934; x_wconf 82' lang='lat' dir='ltr'>Comoediam</span> <span class='ocrx_word' id='word_1_57' title='bbox 1445 891 1636 936; x_wconf 86' lang='lat' dir='ltr'>medita—</span> 
     </span>
     <span class='ocr_line' id='line_1_10' title="bbox 352 968 1638 1028; baseline 0.001 -14"><span class='ocrx_word' id='word_1_58' title='bbox 352 975 489 1023; x_wconf 87' lang='lat' dir='ltr'>retur,</span> <span class='ocrx_word' id='word_1_59' title='bbox 512 970 662 1028; x_wconf 86' lang='lat' dir='ltr'>ipsum</span> <span class='ocrx_word' id='word_1_60' title='bbox 684 969 916 1013; x_wconf 81' lang='lat' dir='ltr'>dubitasse</span> <span class='ocrx_word' id='word_1_61' title='bbox 934 982 991 1012; x_wconf 90' lang='lat' dir='ltr'>an</span> <span class='ocrx_word' id='word_1_62' title='bbox 1006 968 1179 1027; x_wconf 68' lang='lat' dir='ltr'>vulgari</span> <span class='ocrx_word' id='word_1_63' title='bbox 1198 982 1247 1013; x_wconf 86' lang='lat' dir='ltr'>ae</span> <span class='ocrx_word' id='word_1_64' title='bbox 1266 970 1408 1027; x_wconf 88' lang='lat' dir='ltr'>patrio</span> <span class='ocrx_word' id='word_1_65' title='bbox 1428 984 1638 1015; x_wconf 84' lang='lat' dir='ltr'>sermone</span> 
     </span>
     <span class='ocr_line' id='line_1_11' title="bbox 352 1047 1637 1106; baseline 0 -13"><span class='ocrx_word' id='word_1_66' title='bbox 352 1052 572 1100; x_wconf 87' lang='lat' dir='ltr'>uteretur;</span> <span class='ocrx_word' id='word_1_67' title='bbox 596 1061 702 1091; x_wconf 88' lang='lat' dir='ltr'>nam</span> <span class='ocrx_word' id='word_1_68' title='bbox 722 1048 799 1106; x_wconf 84' lang='lat' dir='ltr'>qui</span> <span class='ocrx_word' id='word_1_69' title='bbox 819 1047 1058 1106; x_wconf 74' lang='lat' dir='ltr'>Virgilium</span> <span class='ocrx_word' id='word_1_70' title='bbox 1081 1047 1165 1091; x_wconf 83' lang='lat' dir='ltr'>sibi</span> <span class='ocrx_word' id='word_1_71' title='bbox 1183 1047 1347 1092; x_wconf 75' lang='lat' dir='ltr'>ducem</span> <span class='ocrx_word' id='word_1_72' title='bbox 1368 1062 1447 1106; x_wconf 87' lang='lat' dir='ltr'>por</span> <span class='ocrx_word' id='word_1_73' title='bbox 1469 1048 1637 1093; x_wconf 85' lang='lat' dir='ltr'>inferos</span> 
     </span>
     <span class='ocr_line' id='line_1_12' title="bbox 351 1125 1637 1185; baseline 0.002 -16"><span class='ocrx_word' id='word_1_74' title='bbox 351 1127 568 1185; x_wconf 76' lang='lat' dir='ltr'>elegerat,</span> <span class='ocrx_word' id='word_1_75' title='bbox 594 1125 891 1183; x_wconf 74' lang='lat' dir='ltr'>Virgilianum</span> <span class='ocrx_word' id='word_1_76' title='bbox 918 1125 1063 1170; x_wconf 87' lang='lat' dir='ltr'>melos</span> <span class='ocrx_word' id='word_1_77' title='bbox 1094 1126 1139 1169; x_wconf 88' lang='lat' dir='ltr'>in</span> <span class='ocrx_word' id='word_1_78' title='bbox 1166 1125 1369 1170; x_wconf 79' lang='lat' dir='ltr'>canendo</span> <span class='ocrx_word' id='word_1_79' title='bbox 1404 1140 1451 1171; x_wconf 91' lang='lat' dir='ltr'>se</span> <span class='ocrx_word' id='word_1_80' title='bbox 1480 1126 1637 1172; x_wconf 73' lang='lat' dir='ltr'>decere</span> 
     </span>
     <span class='ocr_line' id='line_1_13' title="bbox 351 1203 1634 1255; baseline 0 -7"><span class='ocrx_word' id='word_1_81' title='bbox 351 1206 466 1250; x_wconf 85' lang='lat' dir='ltr'>forte</span> <span class='ocrx_word' id='word_1_82' title='bbox 489 1204 800 1248; x_wconf 77' lang='lat' dir='ltr'>arbitrabatur.</span> <span class='ocrx_word' id='word_1_83' title='bbox 825 1205 930 1255; x_wconf 83' lang='lat' dir='ltr'>Quis</span> <span class='ocrx_word' id='word_1_84' title='bbox 952 1203 1115 1248; x_wconf 76' lang='lat' dir='ltr'>idcireo</span> <span class='ocrx_word' id='word_1_85' title='bbox 1142 1205 1331 1248; x_wconf 90' lang='lat' dir='ltr'>miretur</span> <span class='ocrx_word' id='word_1_86' title='bbox 1352 1206 1634 1250; x_wconf 78' lang='lat' dir='ltr'>Petrarehani</span> 
     </span>
     <span class='ocr_line' id='line_1_14' title="bbox 353 1282 1638 1342; baseline 0 -15"><span class='ocrx_word' id='word_1_87' title='bbox 353 1297 407 1328; x_wconf 77' lang='lat' dir='ltr'>ex</span> <span class='ocrx_word' id='word_1_88' title='bbox 428 1284 503 1327; x_wconf 86' lang='lat' dir='ltr'>illa</span> <span class='ocrx_word' id='word_1_89' title='bbox 525 1283 650 1327; x_wconf 88' lang='lat' dir='ltr'>lauro</span> <span class='ocrx_word' id='word_1_90' title='bbox 671 1296 758 1341; x_wconf 76' lang='lat' dir='ltr'>qua</span> <span class='ocrx_word' id='word_1_91' title='bbox 780 1282 1078 1326; x_wconf 82' lang='lat' dir='ltr'>adumbratur</span> <span class='ocrx_word' id='word_1_92' title='bbox 1100 1283 1327 1326; x_wconf 84' lang='lat' dir='ltr'>Mantuani</span> <span class='ocrx_word' id='word_1_93' title='bbox 1349 1284 1464 1327; x_wconf 66' lang='lat' dir='ltr'>vatis</span> <span class='ocrx_word' id='word_1_94' title='bbox 1486 1284 1638 1342; x_wconf 86' lang='lat' dir='ltr'>sepul-</span> 
     </span>
     <span class='ocr_line' id='line_1_15' title="bbox 353 1360 1637 1411; baseline -0.001 -5"><span class='ocrx_word' id='word_1_95' title='bbox 353 1376 479 1406; x_wconf 82' lang='lat' dir='ltr'>erum</span> <span class='ocrx_word' id='word_1_96' title='bbox 524 1375 700 1405; x_wconf 86' lang='lat' dir='ltr'>ramum</span> <span class='ocrx_word' id='word_1_97' title='bbox 744 1361 880 1405; x_wconf 84' lang='lat' dir='ltr'>fronti</span> <span class='ocrx_word' id='word_1_98' title='bbox 921 1360 1208 1405; x_wconf 50' lang='lat' dir='ltr'>admovisse?</span> <span class='ocrx_word' id='word_1_99' title='bbox 1246 1361 1637 1411; x_wconf 84' lang='lat' dir='ltr'>Quemadmodum</span> 
     </span>
     <span class='ocr_line' id='line_1_16' title="bbox 353 1439 1637 1498; baseline -0.001 -14"><span class='ocrx_word' id='word_1_100' title='bbox 353 1441 489 1498; x_wconf 77' lang='lat' dir='ltr'>igitur</span> <span class='ocrx_word' id='word_1_101' title='bbox 511 1440 731 1498; x_wconf 60' lang='lat' dir='ltr'>{equalem</span> <span class='ocrx_word' id='word_1_102' title='bbox 749 1443 957 1484; x_wconf 73' lang='lat' dir='ltr'>veterum</span> <span class='ocrx_word' id='word_1_103' title='bbox 977 1453 1077 1483; x_wconf 87' lang='lat' dir='ltr'>sese</span> <span class='ocrx_word' id='word_1_104' title='bbox 1095 1439 1213 1483; x_wconf 82' lang='lat' dir='ltr'>ultro</span> <span class='ocrx_word' id='word_1_105' title='bbox 1235 1439 1449 1498; x_wconf 85' lang='lat' dir='ltr'>fingebat,</span> <span class='ocrx_word' id='word_1_106' title='bbox 1471 1454 1637 1484; x_wconf 86' lang='lat' dir='ltr'>monu-</span> 
     </span>
     <span class='ocr_line' id='line_1_17' title="bbox 353 1517 1637 1576; baseline 0.001 -16"><span class='ocrx_word' id='word_1_107' title='bbox 353 1521 560 1562; x_wconf 79' lang='lat' dir='ltr'>mentum</span> <span class='ocrx_word' id='word_1_108' title='bbox 592 1518 688 1576; x_wconf 83' lang='lat' dir='ltr'>ipse</span> <span class='ocrx_word' id='word_1_109' title='bbox 718 1517 900 1575; x_wconf 85' lang='lat' dir='ltr'>aliquod</span> <span class='ocrx_word' id='word_1_110' title='bbox 937 1517 1138 1575; x_wconf 78' lang='lat' dir='ltr'>exigere,</span> <span class='ocrx_word' id='word_1_111' title='bbox 1175 1517 1298 1575; x_wconf 74' lang='lat' dir='ltr'>quod</span> <span class='ocrx_word' id='word_1_112' title='bbox 1325 1531 1483 1562; x_wconf 87' lang='lat' dir='ltr'>eorum</span> <span class='ocrx_word' id='word_1_113' title='bbox 1516 1518 1637 1561; x_wconf 87' lang='lat' dir='ltr'>laudi</span> 
     </span>
     <span class='ocr_line' id='line_1_18' title="bbox 354 1595 1637 1654; baseline -0.001 -15"><span class='ocrx_word' id='word_1_114' title='bbox 354 1595 474 1640; x_wconf 88' lang='lat' dir='ltr'>haud</span> <span class='ocrx_word' id='word_1_115' title='bbox 495 1596 638 1654; x_wconf 81' lang='lat' dir='ltr'>impar</span> <span class='ocrx_word' id='word_1_116' title='bbox 659 1595 788 1648; x_wconf 83' lang='lat' dir='ltr'>foret,</span> <span class='ocrx_word' id='word_1_117' title='bbox 821 1596 976 1653; x_wconf 85' lang='lat' dir='ltr'>utique</span> <span class='ocrx_word' id='word_1_118' title='bbox 999 1596 1170 1647; x_wconf 83' lang='lat' dir='ltr'>statuit,</span> <span class='ocrx_word' id='word_1_119' title='bbox 1202 1609 1251 1639; x_wconf 83' lang='lat' dir='ltr'>ao</span> <span class='ocrx_word' id='word_1_120' title='bbox 1280 1599 1377 1639; x_wconf 90' lang='lat' dir='ltr'>tum</span> <span class='ocrx_word' id='word_1_121' title='bbox 1402 1596 1637 1640; x_wconf 82' lang='lat' dir='ltr'>materiam</span> 
     </span>
     <span class='ocr_line' id='line_1_19' title="bbox 353 1674 1636 1733; baseline -0.001 -14"><span class='ocrx_word' id='word_1_122' title='bbox 353 1689 405 1719; x_wconf 75' lang='lat' dir='ltr'>ox</span> <span class='ocrx_word' id='word_1_123' title='bbox 433 1674 672 1718; x_wconf 87' lang='lat' dir='ltr'>annalibus</span> <span class='ocrx_word' id='word_1_124' title='bbox 695 1674 849 1732; x_wconf 86' lang='lat' dir='ltr'>populi</span> <span class='ocrx_word' id='word_1_125' title='bbox 873 1674 1061 1717; x_wconf 87' lang='lat' dir='ltr'>Romani</span> <span class='ocrx_word' id='word_1_126' title='bbox 1091 1677 1347 1732; x_wconf 76' lang='lat' dir='ltr'>excerptam</span> <span class='ocrx_word' id='word_1_127' title='bbox 1366 1674 1449 1718; x_wconf 88' lang='lat' dir='ltr'>sibi</span> <span class='ocrx_word' id='word_1_128' title='bbox 1473 1687 1636 1733; x_wconf 84' lang='lat' dir='ltr'>propo-</span> 
     </span>
     <span class='ocr_line' id='line_1_20' title="bbox 351 1742 1385 1810; baseline 0 -15"><span class='ocrx_word' id='word_1_129' title='bbox 351 1766 474 1804; x_wconf 84' lang='lat' dir='ltr'>nere,</span> <span class='ocrx_word' id='word_1_130' title='bbox 506 1753 596 1796; x_wconf 91' lang='lat' dir='ltr'>imo</span> <span class='ocrx_word' id='word_1_131' title='bbox 624 1753 933 1796; x_wconf 87' lang='lat' dir='ltr'>Romanorum</span> <span class='ocrx_word' id='word_1_132' title='bbox 954 1751 1108 1810; x_wconf 85' lang='lat' dir='ltr'>lingua</span> <span class='ocrx_word' id='word_1_133' title='bbox 1137 1752 1201 1795; x_wconf 78' lang='lat' dir='ltr'>uti</span> <span class='ocrx_word' id='word_1_134' title='bbox 1228 1742 1385 1795; x_wconf 70' lang='lat' dir='ltr'>voluit.</span> 
     </span>
    </p>

    <p class='ocr_par' dir='ltr' id='par_1_3' title="bbox 353 1829 1638 2356">
     <span class='ocr_line' id='line_1_21' title="bbox 412 1829 1637 1888; baseline -0.002 -15"><span class='ocrx_word' id='word_1_135' title='bbox 412 1831 601 1888; x_wconf 86' lang='lat' dir='ltr'>Insuper</span> <span class='ocrx_word' id='word_1_136' title='bbox 622 1830 840 1887; x_wconf 73' lang='lat' dir='ltr'>quaerenti</span> <span class='ocrx_word' id='word_1_137' title='bbox 859 1830 896 1873; x_wconf 89' lang='lat' dir='ltr'>ei</span> <span class='ocrx_word' id='word_1_138' title='bbox 921 1843 1117 1887; x_wconf 83' lang='lat' dir='ltr'>quanam</span> <span class='ocrx_word' id='word_1_139' title='bbox 1144 1843 1190 1873; x_wconf 91' lang='lat' dir='ltr'>re</span> <span class='ocrx_word' id='word_1_140' title='bbox 1210 1833 1364 1887; x_wconf 88' lang='lat' dir='ltr'>posset</span> <span class='ocrx_word' id='word_1_141' title='bbox 1384 1842 1521 1887; x_wconf 82' lang='lat' dir='ltr'>quam</span> <span class='ocrx_word' id='word_1_142' title='bbox 1541 1829 1637 1887; x_wconf 89' lang='lat' dir='ltr'>plu-</span> 
     </span>
     <span class='ocr_line' id='line_1_22' title="bbox 353 1907 1636 1966; baseline -0.002 -15"><span class='ocrx_word' id='word_1_143' title='bbox 353 1908 479 1952; x_wconf 89' lang='lat' dir='ltr'>rimis</span> <span class='ocrx_word' id='word_1_144' title='bbox 523 1907 763 1966; x_wconf 83' lang='lat' dir='ltr'>prodesse,</span> <span class='ocrx_word' id='word_1_145' title='bbox 812 1907 938 1951; x_wconf 88' lang='lat' dir='ltr'>nulla</span> <span class='ocrx_word' id='word_1_146' title='bbox 975 1908 1117 1966; x_wconf 86' lang='lat' dir='ltr'>major</span> <span class='ocrx_word' id='word_1_147' title='bbox 1154 1907 1344 1952; x_wconf 82' lang='lat' dir='ltr'>ooourrit</span> <span class='ocrx_word' id='word_1_148' title='bbox 1363 1943 1372 1959; x_wconf 87' lang='lat'>,</span> <span class='ocrx_word' id='word_1_149' title='bbox 1425 1920 1560 1965; x_wconf 82' lang='lat' dir='ltr'>quam</span> <span class='ocrx_word' id='word_1_150' title='bbox 1599 1907 1636 1950; x_wconf 90' lang='lat' dir='ltr'>si</span> 
     </span>
     <span class='ocr_line' id='line_1_23' title="bbox 355 1986 1636 2044; baseline -0.001 -14"><span class='ocrx_word' id='word_1_151' title='bbox 355 1986 561 2044; x_wconf 77' lang='lat' dir='ltr'>exempla</span> <span class='ocrx_word' id='word_1_152' title='bbox 587 1999 776 2030; x_wconf 79' lang='lat' dir='ltr'>avorum</span> <span class='ocrx_word' id='word_1_153' title='bbox 804 1986 850 2029; x_wconf 89' lang='lat' dir='ltr'>in</span> <span class='ocrx_word' id='word_1_154' title='bbox 878 1986 1145 2029; x_wconf 84' lang='lat' dir='ltr'>memoriam</span> <span class='ocrx_word' id='word_1_155' title='bbox 1172 1986 1337 2030; x_wconf 72' lang='lat' dir='ltr'>Civium</span> <span class='ocrx_word' id='word_1_156' title='bbox 1359 1998 1545 2029; x_wconf 88' lang='lat' dir='ltr'>suorum</span> <span class='ocrx_word' id='word_1_157' title='bbox 1566 1999 1636 2029; x_wconf 85' lang='lat' dir='ltr'>re-</span> 
     </span>
     <span class='ocr_line' id='line_1_24' title="bbox 354 2062 1636 2121; baseline -0.002 -13"><span class='ocrx_word' id='word_1_158' title='bbox 354 2067 534 2108; x_wconf 73' lang='lat' dir='ltr'>vocaret</span> <span class='ocrx_word' id='word_1_159' title='bbox 556 2080 564 2107; x_wconf 89' lang='lat'>:</span> <span class='ocrx_word' id='word_1_160' title='bbox 590 2082 611 2104; x_wconf 88' lang='lat'>«</span> <span class='ocrx_word' id='word_1_161' title='bbox 640 2064 721 2115; x_wconf 84' lang='lat' dir='ltr'>Qui</span> <span class='ocrx_word' id='word_1_162' title='bbox 750 2064 896 2116; x_wconf 76' lang='lat' dir='ltr'>enim,</span> <span class='ocrx_word' id='word_1_163' title='bbox 933 2063 1098 2115; x_wconf 87' lang='lat' dir='ltr'>aiebat,</span> <span class='ocrx_word' id='word_1_164' title='bbox 1141 2062 1276 2108; x_wconf 89' lang='lat' dir='ltr'>hodie</span> <span class='ocrx_word' id='word_1_165' title='bbox 1314 2063 1456 2121; x_wconf 84' lang='lat' dir='ltr'>magis</span> <span class='ocrx_word' id='word_1_166' title='bbox 1495 2063 1636 2121; x_wconf 84' lang='lat' dir='ltr'>ignari</span> 
     </span>
     <span class='ocr_line' id='line_1_25' title="bbox 357 2141 1636 2199; baseline 0.001 -17"><span class='ocrx_word' id='word_1_167' title='bbox 357 2161 378 2182; x_wconf 88' lang='lat'>»</span> <span class='ocrx_word' id='word_1_168' title='bbox 405 2156 556 2186; x_wconf 88' lang='lat' dir='ltr'>rerum</span> <span class='ocrx_word' id='word_1_169' title='bbox 582 2143 885 2186; x_wconf 79' lang='lat' dir='ltr'>Romanarum</span> <span class='ocrx_word' id='word_1_170' title='bbox 907 2146 1013 2185; x_wconf 84' lang='lat' dir='ltr'>sunt</span> <span class='ocrx_word' id='word_1_171' title='bbox 1034 2156 1170 2199; x_wconf 80' lang='lat' dir='ltr'>quam</span> <span class='ocrx_word' id='word_1_172' title='bbox 1190 2142 1375 2185; x_wconf 82' lang='lat' dir='ltr'>Romani</span> <span class='ocrx_word' id='word_1_173' title='bbox 1396 2141 1541 2185; x_wconf 65' lang='lat' dir='ltr'>cives?</span> <span class='ocrx_word' id='word_1_174' title='bbox 1563 2142 1636 2183; x_wconf 91' lang='lat' dir='ltr'>In-</span> 
     </span>
     <span class='ocr_line' id='line_1_26' title="bbox 357 2220 1638 2278; baseline 0.001 -17"><span class='ocrx_word' id='word_1_175' title='bbox 357 2239 378 2260; x_wconf 88' lang='lat'>»</span> <span class='ocrx_word' id='word_1_176' title='bbox 404 2221 523 2264; x_wconf 69' lang='lat' dir='ltr'>vitus</span> <span class='ocrx_word' id='word_1_177' title='bbox 551 2220 650 2264; x_wconf 82' lang='lat' dir='ltr'>dieo</span> <span class='ocrx_word' id='word_1_178' title='bbox 679 2237 687 2263; x_wconf 79' lang='lat' dir='ltr'><em>z</em></span> <span class='ocrx_word' id='word_1_179' title='bbox 718 2234 954 2278; x_wconf 87' lang='lat' dir='ltr'>nunquam</span> <span class='ocrx_word' id='word_1_180' title='bbox 990 2221 1128 2264; x_wconf 85' lang='lat' dir='ltr'>Roma</span> <span class='ocrx_word' id='word_1_181' title='bbox 1164 2220 1316 2263; x_wconf 86' lang='lat' dir='ltr'>minus</span> <span class='ocrx_word' id='word_1_182' title='bbox 1352 2220 1638 2277; x_wconf 76' lang='lat' dir='ltr'>cognoscitur</span> 
     </span>
     <span class='ocr_line' id='line_1_27' title="bbox 357 2296 1637 2356; baseline -0.002 -15"><span class='ocrx_word' id='word_1_183' title='bbox 357 2315 378 2338; x_wconf 91' lang='lat'>»</span> <span class='ocrx_word' id='word_1_184' title='bbox 404 2312 539 2356; x_wconf 78' lang='lat' dir='ltr'>quam</span> <span class='ocrx_word' id='word_1_185' title='bbox 569 2299 719 2342; x_wconf 69' lang='lat' dir='ltr'>Itomae</span> <span class='ocrx_word' id='word_1_186' title='bbox 741 2297 803 2344; x_wconf 78' lang='grc' dir='ltr'><strong>(Ἰ).</strong></span> <span class='ocrx_word' id='word_1_187' title='bbox 834 2316 853 2337; x_wconf 89' lang='lat'>»</span> <span class='ocrx_word' id='word_1_188' title='bbox 879 2298 979 2355; x_wconf 90' lang='lat' dir='ltr'>Ipse</span> <span class='ocrx_word' id='word_1_189' title='bbox 1013 2298 1173 2341; x_wconf 87' lang='lat' dir='ltr'>saltem</span> <span class='ocrx_word' id='word_1_190' title='bbox 1203 2296 1473 2355; x_wconf 84' lang='lat' dir='ltr'>jamdudum</span> <span class='ocrx_word' id='word_1_191' title='bbox 1508 2297 1553 2339; x_wconf 92' lang='lat' dir='ltr'>in</span> <span class='ocrx_word' id='word_1_192' title='bbox 1584 2296 1637 2339; x_wconf 87' lang='lat' dir='ltr'>iis</span> 
     </span>
    </p>
   </div>
   <div class='ocr_carea' id='block_1_2' title="bbox 401 2476 681 2520">
    <p class='ocr_par' dir='ltr' id='par_1_4' title="bbox 401 2476 681 2520">
     <span class='ocr_line' id='line_1_28' title="bbox 401 2476 681 2520; baseline 0 -12"><span class='ocrx_word' id='word_1_193' title='bbox 401 2478 447 2520; x_wconf 80' lang='grc'>(1)</span> <span class='ocrx_word' id='word_1_194' title='bbox 469 2476 559 2510; x_wconf 80' lang='lat' dir='ltr'>Fam.</span> <span class='ocrx_word' id='word_1_195' title='bbox 584 2485 628 2517; x_wconf 77' lang='lat' dir='ltr'>vl,</span> <span class='ocrx_word' id='word_1_196' title='bbox 650 2480 681 2509; x_wconf 64' lang='lat'>2.</span> 
     </span>
    </p>
   </div>
  </div>
 </body>
</html>
