1865 2959
821 205 1031 240 —266-

283 292 322 332 Si
341 291 414 331 tibi
431 302 524 331 eura
542 295 680 330 manet
698 301 749 330 ne
774 301 850 342 pax
870 295 939 330 tua
959 289 1114 330 civibus
1138 289 1243 330 obsit

282 367 331 405 Et
352 363 451 404 mihi
473 362 649 416 perfidia}
670 374 720 403 ne
740 363 906 415 praemia
926 362 1027 403 sorte
1048 367 1258 416 reportent

283 440 354 477 Est
376 436 552 486 animus,
571 435 667 488 quid
689 435 813 485 enim,
836 447 937 475 num
959 447 1031 475 vos
1051 440 1089 475 et
1110 434 1260 475 findera
1277 439 1316 475 et
1337 445 1502 474 omnem

284 511 405 561 Spem
422 508 531 561 paeis
550 507 722 548 violasse
746 507 879 560 palam
901 508 993 548 est?
1012 509 1127 548 Nune
1148 507 1295 547 foedera
1315 519 1458 547 rursus
1496 509 1574 547 405

284 583 332 621 Et
355 592 495 633 paoem
518 580 706 633 indiguos
731 592 831 633 quos
856 580 984 632 priina
1010 579 1158 632 injuria
1184 579 1278 620 feeit

282 653 520 694 Conditione
537 653 623 705 pari
640 653 775 705 petitis
794 652 943 692 leviore
963 652 1199 692 secundam.

282 728 362 767 Nec
386 725 524 778 pudet,
553 730 592 765 et
613 725 776 778 quantis
801 736 887 764 sese
915 724 1076 764 fortuna
1102 723 1280 763 revolvat

281 798 452 839 Casibus
470 798 706 846 admoneor,
731 808 853 850 quam
873 796 923 836 sit
943 796 1007 835 via
1026 795 1182 835 lubrica
1203 807 1359 848 magua}

283 872 471 921 Fortuna}
489 884 497 919 ;
516 869 662 921 jubeor
681 880 794 921 reges
814 868 1052 908 meminisse
1076 867 1278 919 ducesque

285 944 391 991 Quos
422 946 576 982 mutata
601 941 725 993 gradu
751 940 883 980 subito
910 939 1053 992 dejecit
1078 939 1126 979 ab
1153 939 1250 988 alto,

285 1014 570 1066 Exeinplisque
588 1025 763 1065 premor.
787 1012 874 1053 Soio
895 1012 1001 1065 quod
1025 1011 1209 1051 mortalia
1226 1010 1345 1050 nohis

285 1089 457 1139 Corpora
477 1090 586 1134 sunt,
608 1085 732 1125 animi
754 1084 892 1125 {eterni
913 1098 922 1134 ;
945 1084 1025 1124 seio
1045 1083 1174 1123 inulta
1195 1082 1362 1135 sepultis

287 1158 503 1211 Supplicia,
530 1162 567 1197 et
585 1157 726 1209 longos
748 1156 942 1196 scelerum
963 1166 1174 1207 superesse
1193 1153 1350 1194 labores
1372 1167 1381 1202 3

285 1232 357 1272 Hie
376 1230 524 1270 famam
542 1234 692 1270 restare
711 1228 828 1269 bonis
850 1233 1080 1279 aeternaque
1100 1226 1198 1266 eoelo

287 1303 478 1344 Praeinia:
500 1302 615 1343 visne
634 1301 757 1351 aliud,
779 1301 840 1341 vir
859 1301 988 1349 docte,
1015 1311 1180 1339 monere
1194 1300 1213 1339 ἱ)

283 1376 449 1417 Casibus
469 1375 699 1427 expositum
718 1374 797 1414 seio
822 1385 900 1422 sne,
922 1378 1042 1425 teque
1061 1371 1375 1423 armipotentem

285 1447 579 1500 Egregiumque
605 1446 749 1486 ducem
772 1444 912 1485 fateor.
941 1444 1096 1484 Desiste
1119 1442 1295 1493 lninari3

289 1520 463 1570 Scimus,
485 1524 524 1559 et
543 1519 638 1558 hino
657 1519 786 1570 maJor
806 1516 956 1557 nostris
977 1520 1161 1568 speratur
1181 1514 1228 1555 ab
1250 1513 1372 1554 arinis

291 1592 439 1641 Gloria,
461 1603 535 1632 neo
558 1602 729 1643 regnum
751 1589 922 1629 fortuna}
942 1589 1080 1640 ignoro
1096 1586 1272 1640 jocantis

290 1664 423 1705 Rebus
446 1664 489 1703 in
514 1663 706 1703 humanis
727 1677 735 1701 ε
763 1667 802 1702 at
826 1661 935 1701 nulla
960 1659 1139 1713 potentia
1164 1670 1323 1699 summo

290 1739 359 1777 Est.
380 1736 576 1789 aequanda
597 1737 676 1775 Deo
697 1749 705 1784 3
727 1733 826 1774 solet
844 1733 910 1773 hio
930 1733 993 1785 pia
1012 1731 1115 1772 bella
1136 1730 1318 1771 foventes

290 1808 450 1850 Auxilio
472 1807 629 1847 firmare
650 1818 738 1846 suo.
762 1808 813 1846 At
832 1817 882 1845 ne
901 1804 1003 1844 forto
1026 1815 1231 1843 moremur

291 1883 408 1920 Hune
433 1884 565 1920 totum
591 1891 662 1931 per
687 1878 810 1919 verba
834 1878 956 1927 diem,
985 1877 1016 1916 si
1042 1875 1192 1916 foedei‘a
1217 1874 1330 1914 vobis

291 1953 424 1993 Prima
443 1952 616 2005 placent,
638 1951 872 2003 ratibusque
892 1961 1032 1990 reeens
1052 1947 1201 2000 injuria
1214 1946 1363 1987 nostris

291 2025 528 2078 Legatisque
548 2024 658 2064 illata
678 2023 811 2076 aliqua
827 2026 1036 2075 purgatur,
1058 2019 1218 2060 habetis

339 2153 416 2182 402.
433 2151 536 2184 Movet
554 2150 584 2181 in
615 2151 666 2182 ed.
689 2150 779 2187 Bas„
801 2152 911 2180 manet
927 2148 958 2179 in
980 2147 1133 2179 omnibus
1154 2155 1214 2177 ms.

341 2210 423 2242 405.
440 2207 522 2240 Cum
544 2208 576 2239 in
598 2208 650 2238 ed.
673 2208 762 2243 Bas..
784 2216 864 2237 num
886 2206 917 2237 in
939 2205 1091 2236 omnihus
1111 2212 1172 2235 ms.

341 2268 418 2297 414.
437 2264 569 2297 Dolores
590 2264 621 2295 in
651 2265 704 2295 ed.
735 2265 823 2301 Bas„
845 2263 970 2294 labores
990 2263 1022 2293 in
1040 2270 1102 2292 ms.
1125 2261 1163 2291 Α.

343 2325 418 2353 wo.
443 2322 588 2354 Fortuna
610 2321 642 2352 in
664 2322 716 2351 ed.
741 2321 829 2358 Bas„
850 2320 990 2360 sortunm
1010 2319 1043 2349 in
1062 2317 1215 2349 omnibus
1235 2325 1297 2347 ms.

343 2381 420 2411 423.
436 2378 529 2411 Acin
551 2379 603 2410 ed.
624 2379 712 2414 Bas,
734 2381 768 2410 at
785 2378 818 2408 iu
844 2387 904 2408 ms.
930 2377 967 2407 A.

343 2439 418 2468 4⁶24.
444 2435 594 2469 Fortasse
615 2445 671 2476 pro
687 2444 747 2476 per
768 2434 861 2466 verba
883 2434 913 2465 in
937 2443 999 2465 ms.
1021 2433 1055 2463 E.

343 2496 419 2525 426.
439 2493 499 2525 Illa
520 2492 551 2524 iu
572 2493 624 2524 ed.
649 2493 738 2530 Bas„
758 2491 852 2523 illata
873 2490 906 2522 iu
928 2489 1079 2522 omnibus
1097 2497 1158 2520 ms,

1497 869 1575 906 410

1497 1227 1574 1264 415

1504 1586 1580 1624 4020

1508 1946 1550 1983 '4⁰
1559 1947 1580 1981 “)

1501 1971 1564 1983 --u
