1865 2959
903 241 1115 276 —188-

364 323 475 363 Mens
494 322 620 362 haeret
637 323 842 376 compulsa
862 324 1043 377 quidem,
1065 336 1140 366 nec
1157 324 1315 367 flectere
1339 338 1541 380 quoquam

362 396 462 434 Orsa
485 395 638 444 valens,
665 396 818 447 gemitu
844 397 899 437 sic
924 397 1085 450 longam
1110 399 1292 439 concitus
1318 399 1461 440 horam

362 467 502 518 Exegit
524 467 646 508 vario.
670 470 784 509 Nunc
805 481 873 509 ora
895 469 1065 510 nitentia
1088 482 1223 510 coram

363 539 533 579 Cernere
554 539 714 592 reginae,
736 552 845 581 nunc
865 540 1001 581 dulces
1022 541 1169 594 fingere
1190 554 1306 582 voces
1578 547 1650 585 185

359 612 447 662 Ipse
466 610 556 660 sibi,
579 611 749 663 pedibus
772 624 878 652 nunc
898 613 1033 653 oscula
1052 626 1203 666 pressa,
1228 626 1455 667 manusque

361 682 521 722 Leniter
540 694 773 735 apprensas,
796 683 1102 737 lacrymosaque
1124 691 1283 738 pectora
1302 686 1435 727 flentis

363 754 552 795 Dulcibus
572 756 854 808 undantesque
879 757 1013 797 oculos
1035 757 1180 798 arsisse
1201 757 1360 799 favillis.

360 828 412 867 At
433 828 585 867 medias
605 828 709 868 inter
730 840 860 878 curas,
882 829 948 869 ubi
970 828 1073 869 sorte
1093 830 1257 870 verendi

360 900 488 939 Frons
509 900 644 939 aderat
665 900 807 940 dilecta
829 901 957 951 ducis,
981 907 1078 941 tunc
1097 901 1281 953 improba
1301 906 1459 954 tergum
1566 907 1644 945 1190

359 974 457 1024 Spes
477 971 610 1022 dabat,
632 977 671 1012 et
689 973 853 1012 domitis
876 972 1038 1013 stabant
1060 973 1275 1025 praecordia
1294 972 1481 1013 flammis.

360 1044 470 1084 Sicut
495 1043 562 1084 ubi
590 1044 746 1084 ardenti
772 1044 927 1096 gelidus
953 1045 1143 1084 successit
1169 1044 1299 1085 aheno

359 1118 528 1166 Humor,
557 1128 669 1169 aquae
690 1116 801 1157 furor
828 1117 892 1157 ille
918 1117 1022 1167 silet,
1051 1117 1297 1170 paulumque
1320 1119 1473 1170 tepenti

358 1189 442 1228 Stat
468 1188 640 1237 similis;
672 1201 765 1228 mox
791 1195 905 1229 aucta
932 1201 1026 1229 suas
1054 1189 1239 1229 incendia
1267 1189 1370 1230 vires

355 1262 552 1300 Exercent
573 1261 700 1313 magis
720 1267 838 1314 atque
861 1262 990 1313 magis
1012 1276 1019 1301 :
1044 1262 1098 1302 sic
1116 1262 1181 1301 ille
1202 1262 1402 1301 tumultus
1574 1264 1649 1302 1195

357 1333 529 1372 Pectoris
547 1346 778 1386 oppressus,
802 1334 980 1374 stimulis
999 1334 1243 1386 agitantibus
1262 1334 1393 1374 isdem

356 1404 512 1444 Fortior
529 1405 712 1445 admotas
730 1406 896 1445 rationis
920 1406 1075 1458 spernit
1094 1406 1288 1446 habenas.

356 1477 456 1527 Ergo
480 1476 548 1516 ubi
566 1477 754 1517 vulnifico
777 1478 1003 1517 reverentia
1023 1478 1141 1518 cessit
1159 1478 1301 1526 amori,

359 1549 648 1601 Praeseutisque
671 1550 792 1589 decus
811 1549 966 1600 formae,
993 1555 1032 1591 et
1052 1550 1249 1590 damnosa
1269 1550 1452 1603 voluptas

358 1620 524 1660 Absenti
551 1621 711 1673 praelata
737 1622 826 1662 duci
854 1628 943 1671 est;
971 1623 1074 1675 capit
1097 1622 1202 1662 ilicet
1225 1634 1328 1674 teger
1570 1623 1649 1662 ⁶200

358 1693 595 1743 Consilium,
618 1692 789 1746 factique
809 1695 916 1734 viam
939 1695 1152 1746 deprendit
1172 1695 1334 1734 inanem
1355 1708 1363 1743 ;

359 1765 406 1803 Et
429 1776 590 1804 secum:
622 1780 639 1802 τι
660 1766 763 1814 Quid
783 1766 916 1806 lentus
938 1767 1053 1818 agis?
1075 1767 1262 1819 Speciosa
1283 1766 1521 1818 hymenaeus

357 1837 564 1888 ConJugia,
588 1842 625 1877 et
642 1837 755 1878 laetos
774 1839 947 1879 blandus
966 1840 1086 1879 modo
1107 1840 1292 1892 Jtippiter
1312 1851 1441 1879 annos

357 1907 509 1948 Obtulit
535 1921 624 1950 ecce
647 1910 719 1950 tibi
739 1925 747 1959 ;
772 1911 868 1951 satis
893 1917 952 1951 est
976 1911 1212 1952 meminisse
1233 1911 1432 1951 laborum.

357 1981 493 2030 Exsul,
518 1981 649 2034 inops,
672 1982 880 2035 profugum
904 1996 1026 2036 regno
1049 1984 1240 2036 spoliatus
1262 1984 1383 2033 avito,
1566 1985 1646 2024 205

359 2053 434 2091 Per
453 2065 575 2103 mare,
598 2066 668 2106 per
687 2059 828 2105 terras,
850 2068 920 2107 per
940 2055 1048 2095 mille
1070 2055 1244 2108 pericula
1264 2055 1431 2107 supplex

361 2124 533 2175 Regibus
556 2137 599 2165 ac
624 2126 783 2177 populis
809 2127 957 2167 multos
985 2140 1138 2167 errasse
1162 2139 1230 2179 per
1258 2139 1386 2167 annos

361 2196 522 2236 Gaudeo
542 2199 651 2248 3ja1u
672 2204 832 2250 tenipus
851 2198 967 2238 fuerit
988 2199 1153 2239 set-tasse
1173 2200 1333 2251 quietis.

404 2410 480 2439 189.
502 2408 573 2441 Nisi
590 2409 622 2441 in
644 2411 699 2442 ed.
722 2411 811 2447 Bas„
833 2411 887 2442 ubi
909 2411 939 2441 in
958 2412 1111 2442 omnibus
1128 2421 1190 2442 ms.

403 2467 479 2497 195.
499 2465 639 2498 Exercet
659 2466 690 2498 in
706 2469 758 2498 ed.
783 2468 872 2504 Bas,
894 2471 1046 2499 exercent
1069 2469 1100 2498 iu
1121 2478 1181 2498 uis.
1198 2471 1238 2504 A,
1256 2468 1293 2504 E,
1313 2468 1346 2497 F.

406 2524 481 2555 198.
506 2522 576 2559 sz'.
599 2523 755 2555 omissum
776 2525 806 2555 in
827 2526 878 2556 ed.
903 2526 991 2561 Bas..
1011 2525 1113 2557 estin
1136 2535 1196 2556 ms.
1221 2528 1258 2562 Α,
1279 2526 1318 2563 Β,
1339 2526 1372 2563 C,
1393 2526 1429 2563 D,
1451 2525 1485 2555 F.
