1865 2959
652 573 1009 616 APPENDIX
1068 573 1139 614 [Ι.

755 797 800 844 M
826 797 862 843 E
881 796 917 843 T
939 796 978 843 R
1002 797 1041 842 A

346 925 619 955 COLLUTH
666 924 873 953 PYERII
918 924 993 952 AD
1041 921 1452 951 PETRAHCHAM

795 1038 1003 1060 INCITATORIA

532 1119 607 1154 AD
649 1119 881 1156 AFRICAE
923 1117 1266 1154 EDITIONEM.

719 1385 1062 1417 ARGUMENTUM
1073 1408 1080 1415 .

310 1483 393 1514 lllud
412 1483 610 1523 poematium
630 1487 733 1516 exstat
746 1484 777 1515 in
794 1484 993 1515 Bibliotheca
1012 1483 1187 1515 Parisiensi
1207 1483 1302 1524 vulgo
1321 1482 1408 1514 dicta
1426 1482 1542 1515 Natio-

265 1540 339 1572 nale
354 1541 425 1581 (Ms.
441 1541 509 1571 Lat.
530 1541 627 1578 8123,
646 1541 702 1571 fol.
720 1541 850 1581 75-79.)
865 1541 1033 1580 Quomodo
1048 1540 1264 1581 compositum
1279 1540 1376 1571 fuerit
1389 1539 1544 1570 Collutius

265 1598 335 1638 ipse
355 1598 512 1638 explicuit
528 1597 559 1628 in
576 1597 721 1637 epistolis
738 1598 947 1638 quibusdam,
967 1601 1033 1629 tum
1051 1598 1119 1638 jam
1133 1597 1286 1638 vulgatis,
1304 1600 1370 1628 tum
1387 1597 1420 1627 in
1434 1595 1544 1627 codice

264 1654 405 1692 quodum
427 1655 642 1686 Laurentiano
661 1655 758 1694 (Plut.
780 1657 820 1686 90
842 1665 913 1695 sup.
938 1660 973 1685 n⁰
995 1656 1050 1692 43,
1069 1656 1116 1694 3⁰)
1134 1654 1281 1685 servatis.

308 1710 333 1740 1.
356 1711 402 1741 Ad
421 1710 567 1752 ignotum
589 1712 814 1750 quemdam—
829 1719 894 1742 xvn
911 1711 975 1742 kal.
993 1713 1076 1751 sept.
1093 1717 1273 1742 MCCCLxxlv
1286 1708 1327 1751 (?)
1341 1710 1457 1750 —Ego
1474 1709 1544 1750 jam

264 1770 424 1798 correctos
440 1767 633 1805 versiculos,
653 1768 773 1807 quibus
795 1767 885 1799 illum
903 1767 1142 1808 (Petrarcham)
1159 1767 1199 1798 ad
1216 1766 1445 1807 publicandam
1459 1766 1545 1797 Afri-

265 1833 336 1855 cam
362 1824 588 1864 impellebam.
618 1834 701 1864 pene
729 1824 982 1864 rescripseram,
1013 1825 1053 1855 ad
1081 1823 1201 1864 ipsum,
1225 1833 1322 1864 quam
1347 1823 1488 1863 primum
1511 1832 1545 1854 se

266 1880 439 1911 obtulisset
463 1881 612 1917 nuntius,
640 1881 919 1919 transmissurus3
951 1884 984 1912 et
1010 1890 1086 1912 ecce
1115 1881 1201 1912 fama
1232 1880 1421 1921 nigerrima,
1448 1882 1545 1911 tantae

267 1939 398 1976 tamque
417 1937 533 1968 flebilis
554 1937 666 1969 nuntia
685 1938 813 1975 mortis,
835 1937 967 1969 auribus
987 1937 1151 1968 insonavit
1168 1947 1177 1974 ς
1208 1946 1249 1968 ex
1268 1946 1332 1976 quo
1357 1937 1403 1968 sio
1422 1936 1546 1976 imper—

267 1993 351 2025 fecta
371 2003 444 2026 mea
463 1994 609 2026 earmina
636 1997 888 2026 remanserunt:
916 1994 1057 2034 qualiter
1077 1994 1190 2025 dubito
1211 1993 1316 2034 ipsum
1343 2002 1435 2024 suam
1459 1992 1546 2024 Afri-

267 2059 336 2081 cam
358 2050 532 2083 dimisisse.
562 2051 644 2092 (Col.
663 2051 802 2082 Salutati
820 2051 967 2091 epistolae
982 2050 1153 2082 Florentiae
1171 2050 1266 2081 editae
1292 2050 1374 2080 1741
1387 2074 1396 2087 ,
1414 2058 1488 2089 pars
1504 2056 1525 2079 11
1538 2073 1546 2086 ‚

269 2117 302 2147 p.
324 2108 394 2147 58.)

325 2165 365 2195 ΙΙ.
399 2165 445 2196 Ad
487 2165 731 2197 Franciscolum
762 2167 800 2197 de
842 2166 1016 2197 Brossano.
1048 2183 1091 2188 —
1119 2163 1233 2206 Vigilia
1269 2163 1389 2194 Natalis
1420 2162 1549 2194 Domini

268 2228 434 2253 MCCCLxxv
450 2219 488 2262 (ἶ)
500 2239 543 2246 ——
629 2223 787 2254 Caeterum
800 2223 905 2254 scribo
922 2223 1104 2254 Lombardo
1121 2224 1153 2253 et
1167 2220 1312 2252 carmina
1325 2229 1412 2260 quae,
1426 2229 1477 2251 me
1493 2219 1549 2250 mi—

270 2287 379 2309 serum
397 2276 403 2308 !
421 2277 486 2318 jam
506 2279 766 2319 exemplaveram
784 2279 823 2309 ad
844 2279 1052 2310 Franciscum
1075 2277 1342 2314 transmittenda,
1358 2276 1476 2316 quibus
1495 2285 1546 2307 co·

270 2335 370 2366 nabar
390 2334 483 2366 illum
504 2335 544 2365 ad
565 2335 740 2366 editionem
762 2335 930 2375 Scipiados
950 2335 1084 2367 incitare
1100 2360 1108 2372 ‚
1136 2335 1174 2365 ad
1196 2343 1269 2365 eum
1292 2333 1384 2364 mitto
1398 2357 1407 2370 ‚
1440 2335 1472 2364 ut
1492 2333 1548 2372 qui

269 2391 441 2423 adnitebar
458 2402 476 2422 a
491 2391 562 2423 vivo
579 2392 698 2423 librum
718 2392 810 2423 illum
827 2393 1000 2430 excudere,
1019 2394 1089 2431 post
1104 2391 1202 2422 satum
1218 2393 1251 2422 tu
1268 2393 1299 2421 et
1316 2389 1370 2421 ulii
1392 2390 1468 2421 mihi
1483 2399 1548 2420 non

269 2448 441 2480 invideatis
457 2449 668 2480 eumdem...
689 2449 766 2489 (Ιώ,
792 2456 921 2489 parsu,
940 2459 971 2488 p.
994 2447 1064 2488 49.)

316 2504 368 2535 Ill.
397 2505 441 2535 Ad
474 2506 688 2536 [lombardum
708 2515 726 2535 a
747 2506 906 2537 Serico—
929 2512 991 2537 xxv
1011 2505 1081 2545 jan.
1105 2511 1301 2536 mcchxxvr.
1317 2521 1360 2529 —-
1375 2505 1547 2541 Caeterum,
