1865 2959
854 254 1066 289 -380-

313 335 507 377 lncidisse
526 337 663 386 nefas,
685 337 754 377 sed
775 336 847 386 fas,
871 337 1042 389 ingrate,
1067 343 1271 378 memento

314 409 406 450 Sola
426 409 496 448 tibi
523 409 675 449 clarum
696 409 801 461 quod
824 408 992 461 przebuit
1015 407 1146 449 Africa
1166 420 1331 449 nomen.

314 482 416 522 Hinc
442 482 618 534 primum
641 481 857 521 innumera
878 481 1004 521 sumis
1024 481 1222 533 prioconia
1245 482 1390 531 landis,
1524 486 1603 524 245

315 554 417 593 Hinc
437 559 573 593 vatum
594 559 778 606 suscepte
798 555 934 603 sacris,
957 553 1151 606 carpsisse
1172 555 1324 606 putaris

313 625 467 677 Dignus
487 624 718 677 Apollineas
739 624 842 665 celsa
862 625 911 665 ad
933 624 1125 677 Capitolia
1144 624 1299 665 laudes.

314 701 429 750 Ergo,
454 698 622 750 ingrate,
646 703 726 738 tuae
746 698 978 749 exstingues
1001 697 1220 749 primordia
1245 698 1361 738 famu:

312 774 361 812 Et
387 771 545 824 vigilata
565 771 634 811 diu
655 771 814 823 poterit,
836 769 959 822 proh!
983 769 1161 810 carmina
1180 769 1356 811 flammis

312 844 491 885 Subdere
517 856 621 884 saiva
642 855 802 892 manus,
828 855 900 883 uec
922 843 1063 882 saltem
1086 854 1247 894 parcere
1268 844 1407 893 Musis,
1519 847 1598 885 250

311 919 487 965 Quarum
512 928 621 956 sacra
643 915 755 962 colis,
780 915 1005 954 reverentia
1026 914 1157 954 dehita
1180 920 1306 966 coget.

311 989 487 1029 Plurima
510 1000 685 1040 namque
707 987 797 1026 licet
823 987 968 1027 celebri
995 986 1067 1026 tibi
1089 988 1255 1028 nomine
1276 987 1426 1028 famam

312 1062 567 1110 Promittant,
592 1065 677 1100 tum
695 1071 798 1099 noxa
821 1059 964 1098 metris
981 1063 1069 1098 tum
1092 1058 1176 1111 lege
1199 1059 1328 1099 soluta

311 1133 525 1183 Carminis,
555 1137 593 1173 et
613 1137 795 1172 veterum
820 1143 1030 1184 superasse
1057 1136 1197 1183 putere
1221 1131 1392 1183 labores,

311 1208 527 1247 AEternum
548 1204 621 1244 tibi
643 1204 725 1245 sola
743 1204 853 1244 dabit
873 1209 1009 1244 tamen
1030 1202 1163 1244 Africa
1184 1216 1349 1245 nomen.
1523 1207 1602 1245 ⁶255

306 1281 386 1319 Nec
404 1282 443 1318 te
468 1277 637 1317 limandi
659 1281 796 1316 teneat
818 1281 901 1316 tam
921 1275 1001 1316 fixa
1025 1275 1195 1328 cupido,

307 1350 420 1400 Quod
442 1361 655 1402 nunqnam
672 1348 879 1398 absolvas3
903 1348 983 1389 scio
1004 1360 1181 1401 namque
1202 1348 1422 1401 adjilngere
1442 1360 1601 1402 semper

305 1422 543 1475 Tollereque
569 1426 637 1461 ant
657 1420 808 1473 aliquid
826 1420 1005 1473 positum
1028 1425 1185 1461 mutare
1206 1420 1382 1471 ¹juvabit,

308 1495 452 1548 Sicque
473 1499 541 1534 tua
564 1493 730 1546 accipiet
752 1505 962 1545 nunquam
985 1492 1174 1533 correctio
1199 1492 1339 1533 finem.

308 1569 369 1607 Tu
388 1566 493 1606 fidus
512 1566 628 1606 testis
653 1565 834 1605 studium
851 1564 1032 1616 Juvenile
1059 1569 1229 1605 senecta}
1520 1567 1599 1605 ί260

309 1638 515 1691 Displicet,
540 1643 577 1678 et
600 1638 757 1678 variant
779 1648 884 1677 curae
905 1637 1086 1677 variante
1108 1636 1263 1689 capillo.

309 1712 386 1751 Vix
405 1711 491 1751 heri
517 1711 624 1763 quod
650 1709 813 1762 placuit,
835 1721 921 1749 cras
941 1713 1079 1749 mente
1104 1708 1276 1762 placebit
1297 1709 1454 1749 eadem.

309 1786 411 1836 Ergo
431 1783 599 1823 modum
620 1782 726 1822 limae
750 1781 955 1834 positurus
977 1782 1166 1834 denique,
1188 1781 1365 1821 multum

308 1860 561 1909 Exspectate,
583 1860 697 1896 tuam
709 1856 796 1907 jam
815 1866 902 1895 sero
928 1859 1108 1906 tempore
1129 1865 1293 1907 promas

309 1929 550 1982 Scipiadem,
577 1933 725 1968 nostrae
748 1927 854 1968 aetati
874 1926 1093 1979 patriaeque
1117 1926 1283 1967 daturus
1521 1929 1601 1966 ⁹265

310 2004 555 2053 Perpetuum
578 2012 754 2050 nomen3
785 1999 855 2040 tibi
879 1999 1003 2052 gloria
1023 2003 1174 2051 quanta
1193 2004 1356 2051 paretur

310 2076 404 2114 Post
422 2085 573 2113 munus
590 2072 708 2113 fatale
729 2072 826 2124 regi,
848 2071 909 2112 fac
934 2083 1097 2112 cernere
1116 2071 1246 2124 possis

311 2146 452 2196 Vivus,
475 2150 513 2186 et
533 2145 618 2198 ipse
636 2150 716 2186 tuae
735 2155 940 2185 summam
964 2142 1179 2185 defendere
1197 2143 1328 2184 famae.

755 2271 970 2304 COLLUTIUS
1004 2271 1170 2303 PYERIUS
1201 2271 1251 2302 DE
1283 2269 1491 2311 STlGNANO‚

892 2346 1078 2377 Immoritus
1098 2346 1315 2376 cancellarius
1332 2344 1596 2376 Florentinonsis.
