1865 2959
889 170 1075 206 -γρ-

341 270 366 300 a
403 255 689 314 paucioribus
723 255 864 300 lectos
900 257 1178 315 irrepserunt
1210 257 1398 301 maculae
1409 272 1420 310 ;
1460 270 1628 315 eosque

341 334 591 392 perlegenti
634 334 730 377 haec
762 334 904 392 ipsius
932 334 1182 378 Petrarchzte
1218 348 1321 380 vera
1353 339 1623 379 occurrunt:

344 412 595 470 «Quisquis
628 413 779 470 itaque
817 413 1002 472 pingere
1035 412 1205 471 aliquid
1239 414 1284 457 in
1321 414 1624 467 membranis,

344 508 365 530 »
390 503 620 548 manuque
646 490 871 534 calamum
892 504 1070 536 versare
1087 491 1312 543 didicerit,
1341 492 1530 550 scriptor
1546 492 1627 535 ha-

345 587 365 609 »
391 568 585 622 bebitur,
611 568 826 613 doctrina}
849 570 997 614 omnis
1024 570 1230 627 ignarus,
1256 584 1414 628 expers
1440 570 1624 628 ingenii,

343 665 364 687 n
391 647 498 691 artis
531 661 685 706 egens.
714 648 815 692 Non
842 662 994 706 quaero
1019 649 1135 707 jam,
1166 662 1248 693 nec
1275 661 1440 705 queror
1471 648 1627 692 ortho-

343 743 365 765 »
389 724 648 784 graphiam,
674 740 775 783 quae
808 726 983 784 pridem
1014 726 1210 780 interiit,
1242 726 1629 784 qualitercumque

344 821 364 843 »
389 804 564 846 utinam
613 803 886 857 scriberent,
932 803 1053 862 quod
1099 804 1341 863 jubentur,
1397 809 1630 863 appareret

345 899 364 921 »
389 881 618 940 scriptoris
634 881 838 935 infantia,
861 896 1014 927 rerum
1035 882 1287 927 substantia
1305 882 1477 927 lateret.
1501 883 1631 927 Nunc

344 959 589 1004 »confusis
623 960 982 1019 exemplaribus,
1015 965 1058 1005 et
1093 961 1313 1020 exemplis
1339 975 1483 1005 unum
1521 961 1628 1005 scri-

345 1057 365 1078 »
390 1039 495 1082 bere
513 1039 715 1097 polliciti,
741 1039 803 1083 sic
825 1039 943 1083 aliud
966 1040 1183 1093 scribunt,
1208 1043 1258 1083 ut
1285 1039 1407 1097 quod
1424 1040 1521 1098 ipse
1542 1040 1632 1084 dic-

345 1135 365 1157 »
390 1116 569 1166 taveris,
587 1130 680 1161 non
699 1130 917 1175 agnoscas
931 1118 995 1164 (¹).
1015 1136 1036 1158 »
1055 1119 1091 1161 Α
1104 1118 1202 1161 luce
1216 1117 1352 1176 igitur
1369 1122 1556 1170 remota,
1574 1132 1631 1162 ne

343 1195 560 1239 szcculum
583 1194 768 1252 quidem
789 1195 1013 1254 posterius
1032 1195 1180 1254 attigit
1199 1199 1368 1251 Africa,
1394 1200 1437 1240 et
1459 1196 1630 1240 sensim

342 1274 387 1316 in
422 1273 700 1317 oblivionem
731 1272 1026 1317 diuturnitate
1055 1273 1249 1317 adducta
1282 1277 1374 1326 est,
1409 1274 1630 1333 imprimis

344 1355 584 1409 postquam
612 1354 766 1396 exorta
793 1355 861 1395 est
885 1351 931 1394 in
964 1352 1088 1395 Italia
1121 1351 1373 1396 litterarum
1401 1356 1445 1396 et
1466 1353 1630 1396 artium

341 1430 589 1474 renovatio.
622 1430 734 1473 Tum
773 1429 941 1474 scilicet
969 1430 1107 1474 latina
1137 1444 1383 1488 apparuere
1414 1431 1627 1485 carmina,

343 1508 554 1566 pleraque
587 1507 643 1552 de
670 1507 806 1552 rebus
835 1507 1033 1566 antiquis
1070 1512 1113 1552 et
1148 1508 1462 1566 antiquitatem
1499 1509 1631 1567 plane

342 1585 607 1638 redolentia,
630 1586 894 1644 elegantiori
916 1589 1068 1630 autem
1088 1586 1189 1630 stilo
1210 1586 1348 1645 polita
1369 1587 1633 1646 faciliusque

343 1667 386 1708 ot
408 1663 655 1722 jucundius
677 1677 701 1707 a
722 1664 858 1723 vulgo
888 1664 1096 1723 legenda.
1125 1665 1275 1710 Sexies
1307 1665 1425 1709 edita
1450 1666 1496 1709 in
1523 1680 1630 1725 ope-

342 1743 466 1786 ribus
486 1742 638 1786 latinis
662 1743 928 1795 Petrarchffe,
956 1742 1265 1801 gratissimum
1284 1743 1495 1787 omnibus
1515 1758 1632 1788 erro-

344 1835 440 1866 rem
467 1820 608 1865 demit
634 1824 802 1875 Africa.
829 1822 970 1871 Quam
990 1821 1112 1865 enim
1140 1835 1245 1865 mox
1264 1822 1478 1873 constitit,
1506 1826 1553 1865 ut
1575 1822 1630 1865 ab

344 1899 529 1943 homine
568 1898 745 1943 erudito
789 1899 1108 1957 compositam,
1158 1899 1281 1942 haud
1325 1913 1415 1943 uno
1458 1899 1631 1958 impetu

342 1976 609 2036 productam
629 1990 743 2030 esse,
769 1976 849 2021 sed
868 1980 1039 2029 contra,
1065 1977 1191 2034 quasi
1210 1977 1458 2035 improviso
1481 1978 1632 2036 incep-

344 2058 451 2106 tam,
481 2054 585 2099 dein
606 2055 800 2099 breviori
824 2055 1039 2113 temporis
1060 2055 1203 2113 spatio
1232 2059 1526 2108 crescentem,
1548 2069 1629 2099 ne-

343 2146 432 2190 que
465 2147 667 2191 unquam
698 2133 985 2191 completam,
1014 2132 1204 2177 diversis
1241 2133 1402 2191 pannis
1431 2133 1631 2191 undique

344 2209 505 2254 decisis
527 2210 725 2268 quodam
747 2210 884 2255 modo
909 2224 1008 2254 esse
1029 2211 1256 2263 vestitam,
1279 2211 1336 2254 ita
1358 2215 1405 2254 ut
1430 2211 1631 2256 scribens

344 2288 581 2333 I‘ctrarcha
610 2304 710 2346 quie
742 2289 910 2348 legerat
940 2292 1113 2332 tantum
1140 2292 1374 2347 reputasse
1407 2290 1558 2334 animo
1587 2292 1631 2334 et

388 2464 434 2504 (1)
454 2464 496 2496 De
518 2464 681 2497 Remediis
700 2464 870 2506 utriusque
887 2463 1042 2505 sorlunae,
1064 2464 1121 2495 lib.
1147 2472 1168 2503 1,
1188 2464 1273 2496 Dial.
1296 2465 1351 2495 43.
