1865 2959
885 289 930 299 -
957 271 1026 308 302
1054 290 1095 299 -·

349 354 547 396 Noscondi
566 355 699 396 studio
724 355 842 397 famae
862 356 894 397 si
915 357 1044 398 credis
1069 357 1199 398 avitae.

348 428 516 479 Magnus
534 427 763 468 Alexander
781 428 904 469 nullis
930 441 1013 469 non
1033 429 1160 470 vietor
1179 429 1221 469 in
1240 428 1337 479 oris⁷

351 499 454 540 Orbe
479 506 701 553 peragrato,
735 501 898 542 tandem
920 503 1103 555 pervenit
1120 502 1170 542 ad
1192 506 1303 542 ortus

350 573 653 625 Fortunamque
680 573 803 613 simul
831 573 976 614 clausit
1000 585 1091 614 cum
1112 578 1295 626 tompore
1314 573 1422 614 vitae.

354 643 555 684 Hannibal
575 650 612 685 et
638 645 766 698 spatio
787 645 964 686 breviter
983 645 1194 698 victusque
1214 651 1379 686 cruente
1436 648 1440 651 '

354 717 426 756 Est
447 716 580 757 bodie.
608 717 677 757 Ille
703 717 840 757 Asiam
863 721 1094 771 tentataque
1119 722 1263 758 cuncta
1283 717 1456 771 subegit,

356 791 595 830 Innumeros
616 789 772 830 domuit
791 789 962 843 populos
982 789 1184 843 urbesque
1204 789 1421 844 ducesque,

354 863 403 901 Et
426 861 546 914 lupus
562 862 808 902 immensum
835 861 904 915 qui
925 866 1012 902 tuto
1032 862 1177 915 irrupit
1203 862 1305 903 ovile

355 937 391 974 Is
415 934 532 975 timet
553 935 770 975 adversum
790 934 908 987 longe
934 939 1134 987 spectasse
1149 934 1326 975 leonem.

354 1006 458 1047 Vicit
477 1007 705 1047 Alexander
729 1006 900 1060 populos
921 1019 1006 1058 rex,
1028 1007 1178 1060 optimo
1198 1008 1305 1048 nosti

355 1080 463 1128 Quos
490 1079 587 1120 adiit
608 1079 747 1120 Graios
775 1079 904 1120 titulis
925 1079 1034 1120 haud
1056 1080 1122 1121 ille
1142 1080 1321 1133 paternis

358 1151 592 1202 Subtralmt,
614 1157 676 1192 ast
701 1152 840 1192 Asiam
863 1164 941 1205 quo
961 1152 1101 1193 vicerit
1119 1152 1214 1193 inde
1233 1156 1375 1205 paratu

357 1224 515 1265 Scimus
533 1229 573 1265 et
590 1224 777 1266 imbelles
797 1225 948 1266 Arabes
973 1231 1011 1266 et
1030 1225 1175 1266 inertia
1195 1227 1335 1266 Baetra
1358 1240 1367 1275 ;

358 1298 410 1337 At
428 1308 511 1337 non
533 1298 699 1338 Arctoas
720 1302 875 1350 gentes,
899 1310 979 1350 qua
998 1309 1161 1350 vergere
1185 1297 1365 1350 primum

358 1369 652 1410 Commoditate
671 1369 747 1410 loci
768 1374 938 1422 poterat,
962 1381 1046 1410 uon
1064 1369 1214 1409 Punica
1235 1381 1372 1422 regna,

358 1443 448 1482 Non
468 1441 587 1482 Italos
614 1442 839 1494 mundique
864 1446 982 1494 caput
1004 1441 1220 1494 Gallosque
1239 1446 1277 1482 et
1297 1441 1431 1481 Iberos

359 1514 500 1566 Attigit
525 1527 533 1553 :
557 1513 632 1554 hos
658 1518 770 1554 extra
790 1514 887 1566 quid
912 1514 1079 1566 dignum
1099 1514 1217 1554 laude
1234 1513 1380 1554 videtis

360 1586 525 1639 Egregia
545 1591 584 1627 et
602 1586 728 1627 tantis
755 1586 883 1626 titulis
904 1591 1097 1639 tantoque
1122 1586 1245 1626 boatu
1255 1587 1274 1625 ‘?

358 1658 533 1710 Regibus
561 1657 654 1698 Eois
677 1658 842 1698 domitis
867 1659 1048 1711 Indoque
1070 1658 1201 1699 cruori

359 1731 515 1771 Vioisse
535 1730 646 1771 huno
668 1742 811 1772 omnes
831 1731 948 1772 liceat
969 1731 1121 1772 fudisse
1144 1731 1251 1784 quod
1271 1741 1443 1783 usquam
1461 1734 1519 1770 est
1544 1741 1555 1769 :

363 1804 562 1852 Quattuor
581 1803 768 1856 objiciam
786 1803 896 1844 Latio
919 1802 1099 1844 confecta
1117 1803 1271 1856 potenti

1563 864 1639 901 1535

1569 1226 1645 1265 1(ῑο

1572 1587 1646 1624 tuf.

408 1998 482 2031 152.
505 1998 641 2032 Brevior
670 1998 703 2030 in
726 1999 778 2030 ed.
804 1998 878 2030 Bas.
913 1999 945 2029 et
970 1997 1004 2028 in
1024 1996 1131 2037 priore
1152 1996 1296 2029 lectione
1316 2005 1379 2028 ms.
1401 1996 1440 2035 A,
1461 1995 1599 2028 breviter
1618 1995 1649 2027 in

364 2067 425 2089 ms.
454 2057 478 2088 Α
504 2056 618 2099 (corr.)
648 2058 681 2088 et
700 2055 733 2088 in
755 2054 841 2087 aliis.
871 2053 1012 2088 Cruento
1034 2054 1066 2086 in
1088 2055 1140 2086 ed.
1162 2055 1254 2093 Bas„
1287 2057 1420 2086 cruente
1446 2053 1478 2085 in
1501 2054 1651 2086 omnibus

365 2124 428 2146 ms.

409 2173 486 2202 153.
509 2169 631 2205 Contra
650 2170 683 2202 in
699 2171 751 2202 ed.
768 2170 859 2208 Bas„
879 2173 996 2201 cuncta
1013 2169 1044 2201 in
1066 2168 1220 2201 omnibus
1235 2177 1295 2199 ms.

412 2229 485 2259 154.
510 2228 626 2260 Docuit
649 2227 681 2259 in
703 2227 758 2259 ed.
775 2227 866 2266 Bas„
889 2226 1017 2258 domuit
1037 2226 1069 2257 in
1086 2225 1238 2258 omnibus
1258 2235 1319 2256 ms.

410 2286 486 2317 155.
509 2284 591 2317 Ut...
611 2287 678 2316 toto
690 2284 843 2325 irrumpit
857 2283 888 2314 in
902 2284 956 2315 ed.
970 2284 1057 2322 Bas,
1072 2287 1146 2315 et...
1162 2286 1233 2315 tato
1248 2282 1367 2324 irrupit
1381 2281 1413 2313 in
1425 2281 1577 2314 omnibus
1591 2289 1641 2314 ms

411 2343 486 2374 158.
509 2340 574 2374 Aut
596 2342 628 2373 in
649 2342 701 2373 cd.
717 2342 806 2379 Bas„
829 2340 961 2372 haudin
978 2341 1130 2373 omnibus
1146 2350 1206 2372 ms.

409 2401 486 2431 159.
510 2398 657 2433 Vincerat
676 2398 710 2430 in
731 2399 784 2430 ed.
808 2398 902 2436 Bas.,
923 2399 1038 2430 vicerit
1060 2398 1091 2429 in
1113 2398 1264 2430 omnibus
1283 2407 1345 2430 ms.

412 2458 488 2488 160.
511 2455 644 2490 Galatas
664 2456 697 2487 in
719 2456 771 2488 ed.
794 2455 884 2494 Bas..
905 2452 1026 2487 Arabes
1046 2455 1079 2486 in
1100 2455 1255 2487 omnibus
1273 2465 1335 2486 ms.

412 2515 488 2546 463.
509 2513 623 2546 Mundi
661 2514 694 2545 in
716 2515 768 2546 ed.
795 2513 883 2550 lias..
906 2512 1084 2554 mundique
1105 2513 1135 2544 in
1157 2513 1310 2545 omnibus
1332 2521 1395 2544 nis.

416 2572 491 2604 168.
515 2569 586 2605 Obtt
604 2571 638 2603 in
658 2570 750 2604 Latio
771 2571 803 2602 in
824 2571 877 2603 ed.
899 2571 989 2609 Bas„
1008 2570 1159 2611 objiciam
1177 2570 1269 2602 Latio
1287 2570 1320 2602 in
1341 2569 1492 2601 omnibus
1513 2576 1576 2599 ms.
