1865 2959
820 241 861 246 -
889 220 1028 255 0211-

287 301 588 354 Intempestivo‚
611 306 648 342 et
667 301 835 343 foedatos
860 303 965 343 effide
986 307 1152 354 nepotes

286 373 462 413 Alterna.
483 373 659 415 Veniens
678 373 745 413 illa
766 374 814 414 de
839 378 956 426 gente
978 378 1167 414 eruentus

285 445 471 485 Rusticus
490 444 656 485 insultet
674 445 807 497 generi
828 457 897 497 per
914 445 1081 485 vulnera
1105 450 1254 496 vestro,

285 518 333 556 Et
346 516 478 556 trahat
499 521 590 556 ante
608 517 751 556 rudem
773 517 928 557 vinctos
947 529 1017 569 per
1040 517 1189 557 moeuia
1209 529 1386 567 currum,
1484 522 1562 559 765

285 590 407 627 Ornet
428 593 467 628 et
494 599 539 628 ex
562 588 674 628 vobis
695 588 876 640 proprios
894 593 962 628 tua
981 591 1106 629 Roma
1127 589 1354 641 triumphos
1373 591 1381 628 t
1406 605 1423 626 »

337 659 514 708 Dixerat,
535 672 578 700 ac
597 660 746 700 circum
764 660 960 712 lacrymas
981 659 1254 712 gemitumque
1269 660 1425 701 videres

286 733 552 783 Astautesque
570 730 654 771 fero
680 731 870 771 attonitos
898 731 1107 771 intendere
1130 731 1215 770 fini.

288 801 354 841 [lla
378 814 500 842 manu
521 807 780 855 pateramque
800 808 944 843 tenens
965 808 1003 842 et
1024 802 1177 843 lumina
1199 802 1296 843 eoelo

286 873 483 914 Attollens
502 888 509 913 :
544 889 561 911 «
581 874 645 915 Sol
668 875 786 925 alme,
808 874 954 927 inquit,
979 875 1201 927 Superique
1219 875 1374 924 valete3
1487 878 1563 916 770

286 945 518 985 Massinissa
543 946 644 996 vale,
673 946 800 986 nostri
823 958 992 986 mernor.
1017 961 1033 982 n
1062 946 1158 986 Inde
1181 946 1401 998 malignum

286 1016 359 1056 Cui
379 1016 518 1056 sitiens
546 1016 681 1057 haurit
708 1029 791 1057 non
816 1023 925 1058 mota
946 1023 1081 1057 mente
1101 1029 1320 1068 venenum,

285 1089 571 1141 Tartareosque
594 1089 694 1141 petit
712 1089 912 1130 violentus
931 1089 1094 1142 spiritus
1115 1089 1291 1130 umbras.

333 1245 410 1275 764.
435 1245 543 1279 Vestra
563 1244 596 1276 in
614 1246 667 1277 ed.
685 1246 774 1284 Bas„
793 1249 896 1278 vestro
914 1246 946 1277 in
964 1255 1024 1277 ms.
1048 1248 1085 1284 Α,
1107 1247 1144 1285 Β,
1163 1248 1198 1284 C,
1221 1248 1258 1285 Ι),
1283 1248 1317 1278 E.

330 1303 408 1334 765.
428 1302 561 1334 Junetos
575 1302 607 1334 in
623 1304 676 1335 ed.
696 1303 783 1341 Bas,
799 1304 923 1335 vinctos
939 1304 970 1334 in
989 1313 1049 1335 ms.
1075 1304 1096 1334 Α
1122 1305 1157 1341 Β,
1179 1304 1213 1342 C,
1236 1305 1272 1335 Ι).

333 1360 408 1390 766.
430 1357 546 1392 obruet
565 1363 596 1392 et
616 1360 701 1391 vobis
721 1360 752 1390 iu
771 1361 824 1391 ed.
846 1360 934 1397 Bas..
951 1363 1044 1392 ornet
1064 1364 1094 1392 et
1112 1370 1153 1392 esc
1172 1361 1258 1392 vobis
1278 1360 1310 1391 in
1332 1361 1482 1392 omnibus
1498 1370 1559 1391 ms.

330 1417 409 1447 767.
431 1415 594 1450 Gemitum
620 1417 843 1459 lacrymasque
862 1417 894 1448 in
917 1418 969 1449 ed.
992 1418 1079 1456 Bas„
1102 1417 1263 1458 lacrymas
1287 1419 1507 1459 gemitumque
1529 1418 1559 1448 in

289 1482 350 1505 ms.
373 1475 407 1504 A.
