1865 2959
821 234 866 242 -
892 216 960 250 358
986 235 1030 242 —

282 302 414 352 Atque
431 298 613 351 equitum
631 298 895 352 peditumque
914 299 1033 348 acies,
1058 299 1169 339 velut
1190 299 1332 340 obvius
1350 305 1455 341 esset
1493 302 1571 342 380

283 369 482 411 Hannibal
510 369 553 409 in
576 369 707 422 primo
733 374 929 411 venturus
955 371 1095 411 limine
1120 377 1273 412 contra.

281 444 386 482 Tum
409 441 516 481 tubae
537 446 576 481 et
597 440 822 482 horrisonis
844 443 1023 484 victricia
1047 443 1211 484 classica
1235 443 1313 484 late

282 516 565 566 perstrepuere
585 513 732 562 modis,
755 518 1010 556 tremuerunt
1030 515 1207 556 Tibridis
1228 516 1364 565 undze‚

280 589 336 627 Ac
351 585 502 626 circum
516 590 634 638 pavet
648 597 769 626 omne
786 597 931 626 nemus
949 599 960 637 3
983 587 1114 639 fragor
1132 587 1321 627 horridus
1338 587 1499 637 Albam,

282 658 513 711 Argolicum
531 658 656 698 Tibur
674 658 849 711 complet
869 659 1127 711 gelidumque
1148 660 1307 699 Soracte
1495 663 1572 699 385

282 732 331 771 Et
351 730 610 771 Praenestinis
630 731 779 783 rigidas
800 731 842 770 in
865 730 1035 771 collibus
1057 742 1182 771 arces.

282 803 346 844 Sic
365 803 532 843 tandem
554 803 714 843 insueto
738 803 931 855 Capitolia
951 803 1056 843 celsa
1077 803 1284 856 triumpho

282 875 508 928 Ingreditur
526 880 736 928 gratesque
755 875 847 915 Deis
868 876 1060 928 persolvit
1080 875 1235 925 amicis,

281 951 608 1000 [inmensamque
629 947 715 987 auri
734 952 916 987 montem
936 947 1201 1000 ingentesque
1221 948 1403 988 recondit

282 1020 511 1061 Thesauros
530 1020 572 1060 in
592 1019 744 1072 templa
762 1019 888 1069 Jovis‚
911 1024 1153 1072 tempusque
1173 1031 1245 1072 per
1262 1032 1383 1060 omne
1496 1021 1574 1059 390

281 1093 430 1134 Ditavit
454 1093 642 1145 patriam.
664 1091 749 1133 Sibi
770 1092 838 1132 sed
859 1092 1099 1144 cognomine
1122 1091 1204 1132 solo

285 1167 524 1215 Contentus,
547 1164 650 1204 nihil
671 1165 735 1204 hic
757 1165 937 1217 proprias
955 1164 1110 1205 invexit
1127 1165 1170 1204 in
1187 1165 1308 1214 aedes,

284 1240 365 1279 Nec
384 1237 554 1278 dubium
574 1238 673 1290 quin
693 1238 742 1277 ad
764 1237 940 1290 reliquos
962 1249 1032 1290 per
1051 1237 1155 1277 bella
1173 1236 1403 1289 triumphos

286 1310 479 1352 Straverit
498 1322 593 1351 ense
624 1310 746 1360 viam,
770 1315 890 1363 atque
920 1310 1029 1350 orbis
1049 1309 1280 1362 patefecerit
1300 1309 1396 1350 Urbi

288 1384 521 1436 imperium.
550 1383 698 1424 Puduit
716 1383 926 1423 neminem
946 1383 1185 1435 Carthagine
1205 1383 1309 1423 victa
1498 1384 1575 1422 395

286 1456 466 1498 Subdere
489 1455 590 1496 colla
605 1458 718 1508 jugo,
749 1456 1016 1508 dominosque
1036 1466 1249 1507 agnoscere
1273 1454 1415 1494 mundi

286 1532 490 1570 Romanos
515 1528 619 1569 bello
646 1528 868 1568 indomitos
888 1527 1165 1580 populumque
1190 1527 1360 1577 Quirini.

287 1605 374 1655 Ipse
401 1606 615 1643 coronatus
631 1600 743 1642 lauro
761 1600 975 1641 frondente
996 1612 1067 1653 per
1086 1600 1231 1641 urbem

286 1679 418 1717 Laetus
440 1676 486 1716 iit
505 1681 632 1716 totam
650 1689 659 1725 3
683 1675 852 1727 Tarpeia
869 1686 968 1727 rupe
989 1686 1177 1714 reversus

285 1749 442 1789 Ennius
463 1748 513 1788 ad
534 1748 717 1788 dextram
736 1746 914 1795 victoris,
936 1751 1119 1798 tempora
1141 1744 1282 1785 fronde
1500 1747 1577 1784 400

287 1820 576 1872 Substringens
597 1818 726 1872 parili,
754 1819 982 1858 studiorum
1009 1817 1205 1869 almzeque
1231 1817 1363 1869 poesis

288 1893 377 1945 Egit
396 1892 641 1932 honoratum
663 1891 737 1931 sub
758 1896 870 1931 tanto
893 1894 1053 1930 auctore
1073 1889 1342 1941 triumphum.

290 1966 383 2004 Post
401 1963 464 2003 alii
486 1968 607 2015 atque
625 1961 690 2002 alii
712 1962 843 2002 studio
864 1966 1042 2001 certante
1064 1961 1202 2001 secuti.

335 2224 412 2254 381.
434 2222 553 2255 Limite
573 2223 605 2254 in
620 2223 674 2254 ed.
693 2223 783 2261 Bas„
803 2223 917 2255 limine
935 2223 967 2253 in
987 2222 1139 2253 omnibus
1161 2231 1222 2252 ms.

335 2283 412 2315 382&
438 2280 581 2322 Tumque
600 2280 685 2312 tubae
706 2280 739 2311 in
759 2281 810 2312 ed.
833 2280 921 2317 Bas„
943 2282 1013 2311 tum
1031 2278 1114 2310 tubse
1134 2281 1165 2310 ct
1188 2278 1219 2309 in
1243 2288 1303 2308 ms.
1327 2278 1364 2315 A,
1382 2278 1417 2314 B,
1434 2278 1469 2316 C,
1486 2278 1524 2313 D,
1541 2278 1576 2307 E.

334 2340 410 2371 383.
437 2338 717 2379 Tremuernntque
735 2338 768 2369 in
790 2338 842 2370 cd.
859 2338 949 2375 Bas„
968 2339 1174 2369 tremuerunt
1194 2334 1225 2366 in
1245 2344 1306 2366 ms.
1326 2335 1363 2372 A,
1383 2335 1420 2372 B,
1436 2335 1471 2372 C,
1488 2335 1525 2372 D,
1542 2334 1577 2364 F.

335 2397 412 2428 385.
434 2396 625 2438 Aryottcum
663 2395 761 2428 Tibur
786 2395 924 2437 complet
953 2395 982 2426 in
1013 2403 1074 2425 ms.
1106 2394 1129 2424 Α
1163 2402 1237 2424 cum
1272 2403 1309 2424 ea
1343 2394 1419 2423 nota
1438 2401 1445 2422 ε
1482 2391 1579 2423 Posui

290 2454 427 2495 complet
449 2456 582 2494 propter
603 2462 748 2490 versum,
767 2456 797 2484 et
818 2461 928 2492 supra,
952 2461 1049 2481 manu
1068 2451 1144 2486 alia,
1167 2449 1263 2481 lectio
1279 2450 1333 2480 ed.
1356 2450 1427 2479 Bas.

337 2512 414 2542 400.
437 2510 576 2543 Eminus
595 2510 625 2541 in
648 2510 701 2541 ed.
725 2511 813 2547 Bas,
835 2508 959 2541 Ennius
983 2508 1014 2539 in
1035 2517 1096 2538 ms.
1117 2509 1153 2545 Λ,
1177 2507 1213 2544 Β,
1234 2508 1269 2544 C,
1289 2509 1326 2543 D,
1347 2506 1382 2537 E.
