1865 2959
808 212 1013 248 -119—

273 295 490 337 Abscondit
510 295 583 335 suh
601 294 708 336 nube
731 297 852 345 DeuS,
876 295 946 335 sed
964 306 1129 336 noscere
1153 301 1350 349 quantum

274 367 518 408 Permissum
538 370 597 406 est
617 366 738 406 animi
758 366 938 418 augurio,
959 378 1042 406 non
1061 367 1162 408 vieta
1183 368 1255 408 sub
1280 369 1396 411 hoste

273 440 396 478 Roma
415 443 503 478 ruet
527 437 719 490 (nullique
741 438 831 478 data
849 442 909 478 est
929 449 974 478 ea
992 437 1115 490 gloria
1134 440 1258 490 genti,
1466 444 1543 482 300

271 509 376 550 Nulli
395 514 528 549 tantus
548 509 676 548 honor
695 508 872 561 populo),
896 509 1077 549 vincetur
1095 509 1143 549 ab
1163 510 1294 561 annis,

271 580 511 632 Rimosoque
531 580 608 620 situ
628 579 818 632 paulatim
832 578 936 620 fessa
957 585 1149 630 senescet,

270 653 317 691 Et
338 663 407 703 per
426 650 549 691 frusta
573 651 685 691 cadet
705 665 713 690 :
736 651 845 691 nulla
864 663 1058 704 unquam⁷
1079 652 1190 692 nulla
1207 652 1361 693 vacabit

270 722 462 775 Civilique
479 722 567 762 odio
589 727 627 762 et
652 721 767 762 bellis
782 721 989 763 furialibus
1009 727 1119 763 aetas.

268 796 443 846 Tempus
464 793 596 834 adhuc
610 793 758 843 veniet,
780 805 871 834 oum
896 794 961 834 vix
976 796 1182 835 Romanus
1206 795 1249 836 in
1269 795 1366 836 urbe
1462 800 1539 838 305

267 865 372 906 Civis
395 865 469 905 erit
486 876 619 916 verus,
637 865 707 905 sed
727 870 852 906 terras
869 865 970 906 lecta
989 878 1059 918 per
1082 878 1223 907 omnes

268 939 347 977 Fex
367 936 592 976 hominum.
612 938 764 977 Tamen
788 941 826 977 et
845 941 941 977 tuno
963 949 1004 977 se
1024 937 1226 978 malesana
1246 938 1420 979 cruentis

264 1008 396 1048 Turba
415 1012 568 1060 premet
591 1007 746 1060 gladiis,
767 1012 805 1048 et
824 1008 866 1048 ni
885 1007 1129 1048 fortissimus
1150 1021 1257 1050 unus

264 1080 333 1120 Vir
349 1080 492 1133 aliquis
511 1080 655 1132 dignus
674 1079 830 1120 meliori
853 1084 1032 1132 tempore
1053 1080 1165 1121 nasci

263 1153 446 1204 Opponat
467 1163 552 1192 sese
577 1151 772 1201 medium,
792 1150 1045 1204 frontemque
1061 1163 1307 1205 manumque
1456 1156 1533 1194 310

262 1223 415 1264 Litihus
436 1223 634 1274 ostendat,
662 1227 844 1275 superest
868 1224 1147 1276 quodcumque
1172 1224 1323 1265 cruoris

263 1295 492 1336 Pectoribus
512 1295 668 1336 miseris
687 1307 759 1348 per
782 1298 923 1336 mutua
937 1295 1102 1336 vulnera
1119 1295 1304 1337 fundant.

262 1370 345 1409 Hoo
369 1368 548 1408 solamen
564 1367 682 1418 habe,
706 1368 813 1420 quod
830 1370 956 1408 Roma
973 1368 1202 1419 potentibus
1228 1369 1323 1410 olim

261 1441 427 1482 Condita
451 1439 662 1490 siderihu5‚
689 1440 873 1492 quamvis
888 1441 1057 1481 lacerata
1081 1440 1279 1482 malorum

260 1512 444 1553 Consiliis
467 1511 750 1564 manibusque,
773 1512 842 1552 diu
858 1511 1031 1562 durabit,
1054 1512 1207 1565 eritque
1455 1516 1531 1553 310

258 1586 337 1624 Has
356 1584 460 1624 inter
477 1588 626 1636 pesteS,
645 1584 754 1623 nudo
777 1583 839 1624 vel
862 1584 1042 1635 nomine,
1065 1585 1208 1624 mundi

258 1656 408 1708 Regina
428 1670 437 1706 ;
465 1655 530 1696 hio
553 1667 762 1708 nunquam
779 1655 920 1696 titulus
945 1668 1052 1697 sacer
1072 1656 1226 1698 excidet
1244 1652 1315 1697 illi.

257 1728 433 1778 Qualiter
456 1740 656 1769 annosum
674 1728 779 1768 vires
800 1728 1039 1781 animusque
1057 1728 1216 1769 leonem

256 1800 501 1850 Destituunt‚
525 1799 592 1840 sed
612 1799 741 1852 prisca
755 1804 893 1840 manet
911 1800 1134 1840 reverentia
1157 1799 1278 1841 fronti

256 1871 550 1924 Horrificusque
571 1882 708 1922 soum,
722 1883 952 1924 quanquam
973 1871 1024 1912 sit
1046 1872 1094 1912 ab
1115 1872 1249 1913 omnia
1261 1874 1422 1924 tardus3
1451 1876 1528 1914 320

258 1943 407 1983 Umbra
428 1943 478 1983 sit
498 1943 563 1983 ille
584 1942 688 1993 lieet,
707 1943 856 1984 circum
876 1948 1013 1984 tamen
1036 1945 1168 1985 omnis
1185 1944 1329 1985 inermi

258 2017 372 2056 Paret
391 2015 491 2055 silva
511 2015 619 2056 seni:
644 2016 713 2056 sed
733 2015 823 2068 quis
846 2015 909 2056 vel
923 2028 1086 2057 noscere
1105 2021 1252 2057 certam

300 2148 375 2178 299.
403 2146 473 2179 Vita
491 2146 523 2178 in
543 2148 596 2178 ed.
613 2147 701 2185 Bas,
720 2147 804 2179 victa
820 2146 854 2179 in
875 2147 1024 2179 omnibus
1044 2157 1104 2179 ms.

300 2204 374 2234 301.
396 2202 504 2234 Honor
524 2212 580 2243 pro
601 2203 700 2235 honos
720 2203 752 2234 in
774 2213 835 2235 ms.
855 2204 894 2242 A,
915 2205 950 2242 B,
973 2205 1007 2235 F.

300 2261 374 2290 302.
397 2258 594 2301 Ramosoque
612 2269 668 2300 pro
689 2261 870 2301 rimosoque
891 2261 924 2292 in
947 2270 1008 2292 ms.
1031 2261 1067 2298 B,
1088 2262 1122 2298 C,
1145 2263 1182 2293 D.

298 2317 372 2346 303.
395 2314 430 2347 Fr
440 2319 523 2347 usta.
546 2317 681 2357 Semper
698 2319 729 2348 et
749 2317 892 2357 undique
912 2327 951 2349 ea
970 2327 1032 2349 vox
1051 2318 1084 2349 in
1102 2328 1162 2349 ms.
1184 2318 1229 2350 ita
1249 2319 1424 2350 scribitur:
1443 2318 1524 2358 frus-

252 2374 313 2402 tra.
337 2372 414 2403 Vide
435 2380 480 2408 ix,
503 2373 579 2403 168.

298 2430 372 2459 307.
391 2427 480 2460 Mala
498 2438 578 2460 sana
596 2429 629 2460 in
650 2430 689 2461 ed
709 2430 799 2468 Bas„
821 2430 991 2463 malesana
1012 2431 1044 2462 in
1064 2432 1216 2464 omnibus
1236 2442 1296 2463 ms.

297 2486 374 2516 320.
395 2484 570 2526 Horrificus
591 2485 621 2517 in
641 2487 693 2518 ed.
715 2487 804 2526 Bas„
825 2487 1056 2529 horrificusqae
1078 2488 1110 2520 in
1130 2498 1189 2521 ms.
1207 2490 1243 2528 A,
1266 2491 1300 2527 B,
1322 2490 1358 2527 E,
1380 2491 1413 2521 F.
