1865 2959
856 235 1070 270 —364—

314 324 445 361 rerem,
473 331 530 354 eos
550 329 723 353 mansuros
744 320 826 352 sore.
858 320 954 351 Miror
971 318 1203 351 committentis
1225 318 1398 355 inscitiam,
1430 320 1486 351 sed
1509 321 1606 361 longe

314 379 420 420 inagis
440 378 690 419 suscipientium
712 377 927 409 temeritatem
949 378 980 408 et
1000 376 1178 418 ignaviam.
1205 375 1282 414 Quis
1302 376 1391 407 enim
1413 377 1602 408 mortalium

314 437 401 477 quod
419 436 559 478 inclytus
582 437 768 476 praeceptor
789 437 900 466 noster
921 433 1151 475 approbaverit
1170 433 1306 464 audebit
1326 433 1450 465 infelici
1480 434 1605 465 calamo

315 492 516 534 reprobare?
535 493 604 524 Non
625 492 651 524 si
674 496 823 533 resurgat
841 491 969 529 Cicero,
994 501 1056 523 non
1079 491 1213 522 Flaccus
1234 493 1291 521 aut
1310 491 1411 521 Maro.
1431 491 1500 522 Heu
1526 491 1606 522 mihi

317 551 415 582 timeo
429 576 437 587 ‚
469 559 510 581 ne
533 549 662 591 juristis
681 549 894 581 commissum
918 548 980 587 sit,
1000 548 1074 588 qui,
1097 556 1199 587 quum
1220 548 1309 588 leges
1333 547 1483 579 noverint
1502 551 1535 579 et
1553 556 1609 579 eas

316 606 500 647 potissime,
522 616 604 647 quus
624 606 791 646 impudico
812 615 868 637 ore
888 605 979 637 aiunt
1000 614 1074 636 esse
1092 605 1132 636 de
1154 613 1240 644 pane
1259 604 1440 642 lucrando,
1462 613 1495 635 se
1516 604 1607 635 arbi-

315 667 444 696 trantur
471 664 615 695 eruditos
637 663 669 694 iu
690 663 853 695 omnibus.
884 663 1010 700 Vident,
1033 672 1103 700 oro,
1126 663 1212 692 Deus
1234 663 1265 692 et
1286 662 1492 701 poematibus
1513 661 1606 692 aliis-

316 731 382 762 que
398 721 499 753 sacris
517 721 762 753 inventionibus
782 719 931 761 magistri
949 719 1054 751 nostri
1074 718 1160 750 adsit
1175 719 1316 759 adjutor.
1338 719 1484 751 Tandem
1505 721 1532 752 si
1549 722 1606 762 Ju-

315 779 401 810 dicio
430 788 544 811 eorum
570 778 722 819 judicum
753 786 884 809 causum
919 780 1006 808 stare
1035 776 1216 817 contingat,
1238 775 1264 806 si
1291 776 1385 815 libet,
1407 777 1555 817 scribito,
1578 782 1612 810 et

316 837 543 878 superaddito,
567 836 723 876 numquid
745 835 840 875 copia
859 834 1073 875 cupientibus
1093 834 1203 871 detur,
1223 837 1256 865 et
1277 834 1356 874 quid
1379 835 1495 866 codem
1515 836 1609 867 modo

316 896 356 926 de
376 894 527 934 reliquis,
547 894 626 934 quid
643 894 683 924 de
704 893 816 924 libello
836 892 1111 933 Trfflmphorum,
1128 901 1225 931 quein
1243 891 1395 922 nonnulli
1414 892 1507 923 aiunt
1522 903 1608 924 com-

319 952 412 984 muni
437 953 608 983 doctorum
630 950 796 982 sententia
817 953 985 981 exustum.
1007 949 1087 980 Nam
1109 949 1213 980 donce
1233 958 1251 979 a
1273 951 1304 980 te
1324 948 1465 988 scixero,
1486 949 1608 982 timebo

317 1009 395 1047 illis,
416 1018 475 1041 nec
495 1008 672 1040 immerito.
695 1021 708 1035 υ
733 1008 792 1049 (Ex
810 1008 935 1045 Melius,
954 1007 1065 1038 Ambr.
1087 1006 1182 1036 'ri-av.
1204 1005 1364 1046 epistolae,
1388 1015 1418 1046 p.
1443 1007 1529 1047 ccv.)

316 1145 438 1185 ltalizo
457 1144 641 1184 sublimis
663 1143 807 1193 honor,
829 1154 1021 1195 generosa
1042 1143 1265 1184 Petrarchae

319 1216 450 1256 Africa
469 1215 669 1256 Francisci
692 1214 864 1264 soboles,
889 1215 984 1266 qnid
1006 1215 1140 1255 nescia
1160 1215 1312 1255 dormis
1327 1218 1345 1255 ἶ)

316 1292 405 1330 Νο11
424 1289 550 1329 sentis
570 1300 748 1328 convexa
769 1288 864 1340 poli,
888 1299 970 1327 non
992 1287 1122 1327 sidera
1141 1299 1277 1328 secum

316 1362 429 1411 Quod
446 1361 520 1401 tibi
544 1361 784 1413 promittant
802 1358 931 1400 fatum
949 1359 1203 1411 pugnantia?
1225 1360 1413 1412 quodque

314 1436 405 1475 ι10111
425 1438 558 1486 patres
585 1432 743 1481 Veneti,
768 1431 859 1483 quis
881 1443 1014 1471 coram
1033 1431 1162 1471 dicere
1182 1443 1343 1471 causam
1589 1436 1612 1470 55

316 1508 372 1546 Te
392 1505 554 1545 fortuna
571 1504 702 1556 jubet,
721 1505 824 1555 Juris
844 1515 1012 1555 posuere
1033 1503 1231 1546 tribunal.

319 1581 444 1630 Inque
463 1578 535 1618 fori
554 1577 687 1617 medio
710 1577 875 1616 sedeant
892 1590 900 1625 3
920 1576 1197 1628 crepitentque
1217 1576 1398 1615 furentes

322 1654 364 1690 ln
389 1650 535 1690 coelum
554 1648 743 1698 flammae,
765 1648 982 1697 damnatis,
1009 1647 1142 1697 eredo,
1164 1647 1328 1700 papyris

322 1723 571 1775 Supplicium
587 1721 755 1773 strepitu
774 1720 1044 1773 complectens
1060 1722 1196 1760 omnia
1214 1720 1364 1759 circum
1383 1721 1402 1758 ‘?

321 1795 516 1836 Horridus
536 1794 631 1834 hinc
651 1794 776 1845 nigris
798 1793 986 1845 squalens
1005 1804 1077 1844 per
1096 1792 1195 1832 colla
1221 1791 1410 1840 colubris7
1567 1792 1614 1829 110

321 1868 440 1908 Livor
464 1867 564 1907 edax
590 1866 762 1906 0101110Γο
789 1865 888 1917 petit
915 1864 1082 1904 solvaris
1108 1868 1153 1903 111
1177 1863 1291 1915 igue3

322 1941 404 1979 Hoc
424 1938 495 1979 tibi
517 1938 761 1979 confirmans
780 1936 956 1988 rigidum
978 1936 1152 1975 voluisse
1172 1939 1399 1987 parentem,

323 2015 429 2052 Dum
446 2011 521 2051 fuit
539 2011 581 2051 in
602 2010 719 2050 terris
736 2009 791 2049 illi
812 2009 881 2049 lux
904 2008 1045 2048 ultima
1063 2023 1072 2057 ;
1094 2020 1253 2047 necnon

324 2085 455 2125 Attica
469 2086 561 2137 J'ura
582 2083 722 2132 velint,
741 2082 942 2134 validique
970 2081 1151 2134 potentia
1172 2080 1295 2120 moris

326 2157 439 2209 Legis
457 2155 606 2195 habere
632 2156 782 2202 locuni,
799 2154 970 2206 jubeant
989 2152 1214 2204 tabulaeque
1239 2151 1455 2200 Quiritum.
1573 2151 1618 2188 15

328 2231 443 2268 Parte
469 2227 545 2267 alia
562 2227 692 2267 Pietas
716 2226 835 2266 deflet
860 2225 1010 2265 sociata
1028 2223 1201 2277 querelis

329 2300 571 2349 lnnumeris,
595 2299 811 2351 dulcesque
831 2297 951 2337 simul
975 2302 1082 2336 stant
1104 2295 1244 2335 ordine
1264 2306 1400 2334 secum

327 2374 495 2412 (nantes
510 2373 632 2411 Musw
650 2370 838 2422 lacrymis
862 2369 1125 2421 precibusque
1151 2371 1353 2414 senatum,

327 2446 383 2484 Ne
405 2449 571 2496 pereant
591 2449 648 2483 101
669 2448 778 2495 gesta
799 2443 930 2482 virum
953 2441 1159 2492 sanctique
1179 2439 1349 2488 labores,

328 2516 551 2569 Amplaque
577 2515 793 2568 doctiloqui
815 2515 916 2555 vatis
933 2526 1042 2554 nunc
1067 2512 1247 2553 carmina
1266 2509 1455 2550 flammis.
1567 2510 1619 2548 ΞΟ
