1865 2959
786 255 992 292 -02025—

250 342 470 381 Paucorum
490 338 615 380 fecere
634 350 779 380 manus
801 339 1010 392 rabiesque
1029 345 1247 381 nocentum
1450 344 1526 382 315

249 412 391 464 Aspice
411 411 587 463 placatus
604 411 785 462 tandem,
804 416 843 452 et
866 411 1070 462 miserere,
1090 423 1313 463 precamur,

251 482 430 523 Afflictis.
451 483 581 523 Liceat
607 495 678 536 per
701 488 736 523 te
759 495 916 536 sperare
937 482 1108 524 salutem

250 556 376 603 Quam
395 554 500 594 cives
523 566 689 607 rapuere
708 553 797 605 feri,
823 554 856 595 si
882 567 1043 607 parcere
1063 554 1229 607 pulchra
1259 561 1318 596 est

253 626 371 676 Ultio,
394 626 426 665 si
448 626 665 678 imperium
681 625 796 666 nobis
816 626 974 666 auxisse
993 626 1161 678 receptis

251 699 476 738 Romanum
501 710 622 751 quarn
642 703 797 738 tantam
820 698 960 739 urbem
985 698 1225 739 exstinxisse
1253 699 1423 751 repulsis
1452 702 1529 740 3220

252 770 410 820 Utilius,
436 770 468 810 si
493 771 661 811 victores
687 770 919 811 meminisse
940 775 1106 811 vetustae

253 844 415 882 Praestat
435 841 633 892 amicitiae,
653 854 773 894 quam
792 854 862 882 vos
884 842 1096 894 praesentia
1114 846 1272 883 tantum

251 916 382 966 Atque
400 913 480 953 iras
500 925 668 966 pensare
688 925 826 954 novas.
850 914 1043 966 Ignoscite
1063 914 1192 963 victis,

252 984 403 1025 Parcite
423 985 684 1037 supplicibus,
712 984 831 1025 rebus
853 985 1070 1025 succurrite
1090 986 1239 1025 nostris
1264 1000 1271 1024 ;

251 1057 492 1107 Occidiinus,
514 1061 698 1108 praestate
719 1068 878 1106 manus,
901 1056 1141 1109 hostemque
1157 1058 1358 1109 jacentem
1455 1059 1531 1097 325

252 1128 412 1180 Erigite,
435 1133 473 1168 et
494 1133 630 1168 nostro
653 1128 708 1168 sic
727 1128 916 1168 insultate
933 1129 1091 1181 pudori.

252 1199 410 1251 Optima
429 1200 618 1240 vincendi
639 1200 805 1252 species,
830 1200 990 1253 quando
1011 1200 1140 1240 bostis
1158 1200 1311 1240 amicus

253 1271 314 1310 Fit
336 1271 504 1321 meritis,
528 1271 597 1311 sed
618 1276 809 1324 praetereo
835 1272 1013 1324 speciosa
1033 1271 1199 1324 profari.

251 1345 407 1383 Nomen
428 1343 613 1383 amicitia}
633 1344 824 1396 quoniam
844 1343 1005 1384 fortuna
1027 1344 1144 1384 silere

252 1415 393 1454 Nostra
411 1414 541 1466 jubet,
565 1415 660 1455 satis
685 1420 744 1455 est
765 1415 933 1455 miseros
959 1427 1119 1467 sperare
1141 1415 1327 1465 salutem,
1453 1418 1530 1455 330

251 1488 301 1526 Et
319 1486 479 1527 veniam
502 1487 665 1539 petiisse
684 1499 786 1528 reos.
810 1489 883 1528 Per
903 1499 1012 1528 sacra
1034 1487 1246 1538 Tonantis,

252 1560 327 1598 Per
345 1562 512 1608 vestros,
534 1559 729 1609 Romane,
751 1561 869 1609 Deos,
897 1559 1058 1611 ignosce
1077 1559 1225 1611 paratis

252 1629 500 1682 Supplicium
525 1642 766 1683 poenamque
789 1631 894 1683 pati3
917 1643 999 1671 non
1018 1637 1155 1671 nostra
1175 1631 1354 1683 negarim

252 1701 444 1751 Crimina,
468 1702 538 1742 sed
557 1714 698 1742 verum
718 1701 847 1750 liceat,
870 1702 950 1742 dux
971 1708 1121 1753 sancte,
1149 1702 1280 1743 fateri.

252 1774 307 1813 Te
326 1785 459 1813 coram
482 1779 620 1813 nostro
641 1773 841 1813 violentus
860 1773 1020 1826 praefuit
1040 1779 1177 1814 auctor
1453 1776 1530 1815 335

252 1844 452 1885 Hannibal
471 1845 608 1895 errori,
631 1850 869 1898 nostrasque
891 1845 1077 1898 cupidine
1103 1846 1251 1886 summi

254 1916 413 1968 Imperii
433 1917 543 1969 pavit
562 1916 700 1966 furiaS,
723 1922 761 1957 et
783 1917 882 1957 velle
905 1918 1031 1969 coegit

254 1989 367 2037 Quod
392 2000 478 2028 sero
498 2000 605 2029 nunc
625 1989 730 2029 nolle
755 1989 886 2029 dolet:
910 2001 1052 2029 verum
1070 1989 1136 2030 ille
1155 2001 1316 2030 necesse
1337 1994 1396 2029 est

252 2061 304 2099 Ut
323 2064 472 2112 pereat,
496 2059 771 2113 scelerumque
790 2066 879 2101 ruat
899 2072 991 2101 cum
1012 2061 1187 2113 pondere
1210 2061 1376 2101 tandem
1399 2075 1407 2110 3

253 2131 317 2171 Sic
335 2131 450 2172 illum
468 2143 538 2172 sua
554 2130 635 2172 fata
659 2137 815 2173 vocant.
840 2134 902 2172 Tu
922 2137 1062 2174 nostra
1084 2133 1283 2186 benignus
1452 2134 1529 2172 340

300 2307 377 2338 316.
398 2306 548 2339 Placatos
567 2306 599 2338 in
618 2308 671 2339 ed.
694 2308 781 2346 Bas„
800 2307 950 2349 placatus
969 2307 1002 2339 in
1021 2316 1083 2340 ms.
1104 2309 1142 2347 A,
1164 2308 1202 2346 Ε,
1224 2308 1258 2338 F.

300 2365 378 2396 327.
394 2363 443 2397 Sic
461 2373 530 2406 spes
547 2373 604 2405 pro
620 2365 742 2407 species
761 2365 796 2396 in
816 2374 879 2397 ms.
897 2366 934 2396 A.

298 2422 375 2452 333.
394 2420 548 2462 Roqarz'm
569 2431 627 2462 pro
646 2422 794 2463 negarim
812 2422 844 2453 in
865 2431 925 2454 ms.
945 2423 982 2454 Α.

300 2479 374 2508 334.
397 2477 433 2510 Si
454 2488 510 2518 pro
529 2479 636 2511 sedin
657 2488 718 2510 ms.
742 2480 777 2510 F.

301 2536 378 2568 335.
400 2535 526 2576 Profuit
548 2536 580 2568 in
601 2537 654 2568 ed.
674 2536 762 2576 Bas„
777 2536 908 2578 proesuit
929 2536 960 2568 in
982 2545 1044 2568 ms.
1062 2536 1098 2574 Α,
1118 2535 1156 2573 E,
1174 2536 1205 2566 F.
