1865 2959
901 227 1108 262 -320—

361 313 519 353 Scilicet
542 312 618 352 hoc
637 312 856 361 meditans,
880 324 949 352 seu
977 324 1052 364 pax
1079 311 1245 351 instaret
1271 311 1408 352 haberi

361 385 472 425 Pacis
492 384 700 424 honoratae
718 383 920 436 princeps,
945 396 1014 424 seu
1033 382 1137 423 bella
1156 388 1382 434 manerent,

362 456 591 497 Perfacilem
612 456 796 497 exhausti
814 455 897 496 sore
915 457 999 508 Jam
1020 455 1249 496 certaminis
1275 467 1437 496 omnem

362 530 563 568 Eventum
583 533 621 568 et
640 528 871 580 praegrande
891 528 1026 568 decus.
1048 528 1110 569 Sic
1128 528 1193 568 ille
1214 527 1339 569 labori

362 600 605 640 Incumbens
626 600 755 640 alieno
776 600 990 652 indignum
1010 600 1174 640 ardebat
1193 600 1406 651 honorem,
1572 603 1650 642 565

361 672 524 712 Semine
550 683 630 711 non
652 672 811 724 proprio
833 683 1008 712 messem
1034 677 1221 724 rapturus
1245 672 1436 724 opimam.

362 745 448 783 Heu
470 744 594 796 pestis
616 744 810 784 damnosa
829 744 985 784 homini
1006 749 1045 784 et
1064 743 1224 785 funesta
1248 744 1370 785 libido

360 815 558 866 Nominis,
584 815 753 868 imperio
777 815 948 855 nocuisti
975 828 1078 869 saepe
1105 816 1272 856 Latino!

359 888 430 927 Hic
456 900 541 940 ego,
562 899 655 928 nam
675 887 872 928 calamum
892 886 968 928 fert
987 888 1162 940 impetus
1184 893 1302 942 atque
1328 900 1543 943 parumper

358 959 580 1000 Abstrahor
601 960 776 1012 incepto,
799 972 870 1000 vos
895 972 995 1012 quos
1018 962 1198 1000 Romana
1220 960 1421 1013 loquendo
1572 963 1649 1000 5370

357 1032 543 1072 Externis
564 1044 722 1084 aequare
737 1033 853 1084 juvat
878 1037 1130 1084 percunctor,
1154 1031 1222 1072 ubi
1244 1045 1424 1085 unquam

356 1106 481 1145 Gente
501 1116 614 1156 pares
635 1104 759 1144 animi
779 1109 917 1157 totque
943 1104 1250 1145 adversantibus
1271 1104 1351 1145 ulla
1371 1106 1389 1145 ἱ)

360 1178 436 1217 Vos
457 1176 559 1217 mihi
581 1189 689 1217 nunc
710 1177 880 1230 populos
900 1190 1092 1230 regesque
1116 1178 1318 1231 ducesque
1342 1182 1527 1230 potentes

358 1248 552 1301 objicitis,
575 1249 645 1289 sed
667 1254 793 1289 cesset
822 1261 948 1299 amor,
970 1249 1149 1302 livorque
1170 1249 1386 1302 malignus.

358 1320 454 1369 Quis
478 1321 601 1373 gessit
621 1325 705 1361 tam
725 1333 871 1374 magna
894 1321 1042 1362 ducum
1064 1334 1270 1374 regumve,
1292 1334 1366 1362 nec
1383 1322 1461 1362 illis
1570 1323 1647 1361 575

357 1392 546 1433 AEmulus
569 1393 808 1446 obstrepuit,
829 1394 1065 1447 mediosque
1092 1394 1235 1447 irrupit
1254 1395 1296 1434 in
1318 1399 1428 1435 actus

359 1465 523 1506 Invidiae
544 1465 714 1506 conflata
737 1467 824 1507 lues
839 1468 858 1507 ‘2
877 1469 966 1507 Non
987 1479 1118 1507 annus
1138 1472 1300 1519 agentes

357 1538 487 1577 Fortia
509 1538 706 1588 destituit,
733 1539 941 1591 vetuitque
969 1539 1212 1580 domesticus
1238 1538 1367 1579 hostis

354 1609 571 1662 Imperium
593 1610 771 1661 extendi,
796 1622 878 1651 non
898 1611 987 1651 illos
1009 1616 1136 1651 castra
1161 1616 1370 1651 moventes

355 1681 536 1721 Detinuit
556 1682 744 1734 populus,
765 1694 845 1722 non
873 1695 959 1723 sero
985 1683 1027 1723 in
1050 1683 1155 1724 bella
1176 1682 1343 1736 profecti
1562 1686 1640 1723 580

352 1755 457 1793 Ante
476 1753 584 1794 diem
603 1754 756 1795 rediere
778 1754 945 1794 domum
969 1761 1181 1796 revocante
1202 1760 1361 1805 senatu,

355 1827 434 1864 Aut
459 1825 643 1878 equitum
668 1825 909 1878 prohibente
935 1827 1059 1867 aciem
1081 1827 1343 1880 peditumque
1364 1826 1532 1875 moveri,

353 1899 433 1937 Aut
452 1896 637 1947 classem,
661 1903 699 1938 et
719 1898 862 1938 merito
884 1898 1083 1951 stipendia
1109 1899 1228 1951 digna
1256 1897 1399 1938 labori.

354 1968 541 2008 Consiliis
562 1981 674 2022 reges
697 1970 972 2021 moderantur,
994 1982 1116 2023 regna
1136 1970 1407 2023 trahuntque;

354 2041 443 2080 Non
465 2040 542 2093 ipsi
562 2053 609 2081 ex
634 2041 721 2082 aliis
745 2042 938 2094 pendent,
971 2042 1110 2083 aliisve
1131 2042 1349 2082 trahuntur
1563 2044 1640 2082 585

353 2112 555 2164 Arbitriis,
577 2113 699 2154 tinem
720 2114 813 2154 belli
839 2120 877 2155 et
904 2115 1122 2167 primordia
1142 2120 1315 2155 norunt:

352 2187 457 2225 Dum
476 2185 573 2227 libet
594 2187 794 2239 accipiunt
812 2192 851 2227 et
875 2187 972 2227 dum
992 2187 1089 2227 libet
1109 2199 1219 2228 arma
1245 2191 1462 2239 reponunt,

395 2348 472 2378 570.
495 2347 627 2389 Legitur
646 2348 679 2380 in
701 2349 851 2390 margine
871 2358 934 2381 ms.
956 2351 978 2380 Α
998 2359 1004 2379 :
1026 2348 1121 2380 Posui
1141 2358 1218 2390 quos
1235 2351 1369 2389 propter
1391 2358 1534 2380 versum.

396 2405 475 2437 571.
497 2404 704 2437 Eoelernas...
724 2414 800 2438 nam
826 2405 859 2437 in
880 2407 932 2437 ed.
955 2406 1045 2445 Bas„
1066 2406 1252 2438 externis...
1276 2405 1328 2438 ubi
1350 2406 1382 2438 in
1402 2406 1556 2438 omnibus
1577 2415 1638 2437 ms.

398 2462 474 2493 572.
498 2461 637 2503 Totoque
658 2462 691 2493 in
710 2464 762 2494 ed.
791 2463 878 2501 Bas..
901 2465 1010 2504 totque
1032 2462 1062 2494 in
1083 2463 1234 2495 omnibus
1252 2472 1311 2495 ms.

398 2519 475 2550 580.
497 2519 637 2561 Populos
657 2519 690 2551 in
712 2521 765 2551 ed.
788 2520 874 2559 Bas„
891 2520 1031 2562 populus
1051 2519 1084 2552 in
1105 2529 1167 2552 ms.
1188 2521 1212 2551 Α
1228 2520 1357 2563 (corin),
1378 2521 1411 2552 F.
