1865 2959
830 219 1039 254 -159—

300 302 480 343 Procedit
501 301 657 341 diversa
678 306 824 353 putans
853 307 891 341 et
911 302 1048 342 limine
1070 301 1197 353 primo

299 374 454 414 Invenit
475 373 690 413 attonitum
710 385 905 423 socerum,
930 373 1154 425 pariterque
1176 373 1302 414 vocati
1495 375 1573 413 710

299 445 427 494 Ibant,
451 450 489 484 et
509 443 671 496 paribus
690 444 794 483 curis
815 444 966 484 alterna
988 444 1212 496 loquentes.

298 516 405 555 Ilicet
425 516 600 555 adventu
623 515 768 555 mulier
788 520 989 554 commota
1011 527 1174 555 suorum

298 587 507 627 Profundit
527 587 722 639 lacrymas
740 600 749 626 ε
773 599 867 626 mox
895 592 1152 638 percontante
1174 587 1316 628 marito
1336 601 1345 626 ε

296 660 360 699 An
381 670 430 698 ne
455 658 550 698 satis
570 670 707 710 sospes
722 659 741 698 ‘?
762 681 812 687 —
834 658 1013 708 Minime,
1035 670 1212 710 namque
1233 659 1382 709 omnia,
1404 658 1519 709 dixit,

297 730 549 770 Perdidimus
568 730 742 782 pretiosa
762 730 895 769 simul.
913 730 975 770 Nil
996 730 1109 770 dulce
1128 731 1334 780 remansit,
1497 733 1575 770 715

297 803 573 853 Praereptaque
598 801 790 854 pudicitia
810 801 895 841 haec
920 801 1086 853 periisse
1107 801 1314 842 fatendum
1332 807 1392 843 est

298 874 384 912 Heu
403 873 573 913 miserae,
598 874 713 913 Stant
732 872 838 913 foeda
861 877 945 923 tuo,
967 873 1028 912 vir
1047 873 1210 925 optime,
1237 873 1336 913 lecto

299 943 419 995 Signa
443 943 573 984 aliena
592 944 678 984 viri.
704 944 795 984 Fuit
814 944 890 984 hoc
908 944 1094 984 violabile
1114 956 1280 996 corpus,

293 1016 449 1067 Integer
467 1021 526 1056 est
545 1016 730 1065 auimus3
752 1028 861 1056 mors
884 1016 1012 1056 testis.
1036 1016 1192 1068 Porgite
1217 1017 1376 1056 dextras

296 1087 344 1125 Et
364 1093 547 1139 praestate
566 1088 686 1128 fidem
711 1088 839 1128 scelus
857 1088 932 1127 hoc
951 1100 1001 1128 ne
1023 1089 1151 1140 turpis
1174 1088 1223 1128 ad
1248 1088 1410 1129 umbras
1498 1092 1576 1129 7⁶20

295 1158 441 1199 Afferat
462 1160 656 1212 impunis,
677 1159 913 1212 tumuloque
932 1160 1097 1200 insultet
1121 1159 1288 1200 adulter.

298 1233 355 1270 Ex
376 1231 451 1271 hoc
471 1232 686 1283 indignans
707 1237 916 1271 transactae
946 1231 1112 1271 crimina
1133 1231 1259 1271 noctis

297 1303 489 1355 Explicat,
517 1309 635 1356 atque
654 1303 816 1343 adhibet
840 1303 972 1344 verbis
996 1303 1173 1343 lamenta
1198 1314 1427 1355 precesque.

298 1375 536 1415 Consolaute
555 1375 638 1416 viro
659 1381 861 1425 lncestani,
883 1375 1118 1427 facinusque
1138 1381 1309 1427 negante
1328 1389 1336 1413 z
1374 1384 1378 1388 ’

299 1449 394 1486 Esse
415 1447 482 1487 ubi
504 1459 620 1487 mens
640 1460 739 1500 pura
763 1454 837 1498 est,
862 1459 931 1500 ego
953 1459 1017 1488 me
1038 1447 1070 1486 si
1089 1447 1269 1497 crimine,
1291 1447 1405 1493 dixit,
1499 1449 1576 1486 725

297 1519 487 1569 Absolvo,
516 1519 677 1560 sceleris
699 1531 834 1572 poenas
860 1519 1027 1559 evadere
1047 1519 1189 1567 nolim,

299 1591 571 1643 Exemploque
595 1591 674 1631 mei
700 1602 782 1630 non
803 1591 911 1631 vivet
931 1590 1110 1630 adultera
1128 1592 1281 1631 Romae.

298 1662 420 1712 Dixit,
444 1667 481 1702 et
508 1663 699 1703 eductum
717 1662 879 1702 latebris
899 1662 967 1714 qui
987 1668 1096 1702 veste
1118 1662 1266 1702 latebat

300 1734 462 1773 Pectore
484 1733 557 1773 sub
580 1734 696 1774 niveo
718 1734 895 1785 gladium
919 1733 1163 1774 moribunda
1188 1734 1386 1783 recondit,

298 1806 347 1844 Et
370 1805 451 1845 ruit
470 1805 511 1844 in
535 1805 737 1857 capulum,
763 1806 871 1845 velut
891 1805 966 1845 hoc
988 1805 1163 1846 relevare
1191 1806 1384 1858 pudorem
1499 1807 1577 1845 730

295 1876 470 1917 Vulnere
491 1882 735 1929 prostratum
754 1877 896 1918 valeat.
921 1878 985 1918 Sic
1006 1883 1102 1917 nota
1124 1883 1334 1930 parentem

297 1949 419 1987 Fama
437 1948 556 1988 refert
587 1948 790 1989 volucrem
810 1949 968 2001 proprio
1002 1949 1049 1989 de
1081 1949 1276 2001 sanguine
1313 1953 1426 1989 natos

299 2019 526 2060 Exstinctos
551 2020 646 2060 dirae
676 2032 812 2060 morsu
841 2020 1038 2072 serpentis
1061 2021 1111 2060 ad
1134 2033 1248 2061 auras

300 2091 471 2140 Tollere,
493 2098 531 2132 et
560 2092 720 2132 illorum
742 2093 942 2145 exsequiis
973 2093 1206 2145 impendere
1223 2094 1359 2133 vitam.

348 2259 422 2292 716.
445 2259 671 2300 Ραάἱεῐίὶαᾳαε
690 2260 722 2290 in
744 2261 796 2291 ed.
818 2260 909 2299 Bas„
924 2261 1085 2302 pudicitia
1105 2261 1138 2292 iu
1157 2270 1217 2293 ms.
1238 2263 1275 2298 A,
1298 2262 1335 2300 B,
1356 2262 1390 2300 C,
1413 2261 1449 2292 D.

346 2317 421 2346 721.
445 2315 579 2356 Auferat
595 2317 627 2347 iu
646 2318 698 2348 ed.
717 2317 806 2354 Bas„
829 2316 946 2358 afferat
966 2318 999 2348 in
1021 2327 1081 2349 ms.
1101 2318 1137 2348 A.

347 2374 422 2403 722.
443 2372 524 2404 Hine
544 2373 577 2403 in
598 2375 650 2404 ed.
670 2374 757 2411 Bas.,
778 2373 886 2404 hocin
907 2383 967 2405 ms.
990 2375 1027 2405 Α.

347 2430 421 2460 725.
443 2428 496 2462 Sic
517 2429 548 2460 in
566 2430 618 2461 ed.
641 2430 729 2468 Bas„
749 2430 776 2460 si
796 2429 828 2460 in
849 2430 1001 2461 omuibus
1022 2439 1084 2461 nis.

347 2487 423 2518 726.
444 2485 596 2519 Absoluta
617 2486 648 2518 iu
669 2486 721 2518 ed.
742 2487 829 2525 Bas„
848 2487 973 2519 absolvo
993 2487 1027 2519 in
1047 2485 1201 2519 omuibus
1221 2495 1282 2518 ms.
