1865 2959
823 273 1029 308 -395—

345 359 438 398 Con.
463 359 508 397 D.
535 356 652 406 (Bibl.
683 358 801 396 Laur.
830 355 952 405 Flor.)
972 355 1103 396 Codex
1129 355 1458 396 membranaceus
1481 366 1558 395 ms.

290 427 448 468 in-folio
468 439 556 468 saec.
572 439 641 476 xv,
663 427 774 466 niirae
791 426 1103 478 pulchritudinis
1122 439 1215 468 cum
1236 426 1385 479 duplici
1406 427 1562 479 pictura

290 499 331 539 in
370 498 578 550 principio,
613 509 782 550 quarum
818 509 898 537 una
931 509 1096 549 operum
1135 498 1387 550 singulorum
1425 497 1561 538 titulos

289 570 417 609 aureis
454 575 493 609 et
532 568 710 609 caeruleis
754 568 896 608 litteris
935 573 1130 618 exaratos,
1172 569 1294 608 altera
1337 568 1559 609 Mediceum

288 646 458 681 stemma
477 646 516 681 et
542 641 618 680 alia
650 640 890 680 emblemata
915 640 1034 680 variis
1054 640 1287 680 intermixta
1315 641 1562 681 ornamentis

289 711 464 752 exhibet.
507 713 652 751 Praeter
684 711 866 763 Africam
904 711 1084 751 continet
1119 710 1319 751 Somnium
1354 711 1559 763 Scipionis,

289 784 467 836 eiusdem
492 783 711 823 Petrarchae
730 782 925 830 Bucolica,
956 781 1101 822 Contra
1126 783 1281 833 iquaros
1303 788 1415 834 atque
1433 782 1562 821 avidos

287 854 585 908 reprehensores,
616 854 654 894 E
654 854 882 907 pz'stolarmn
913 854 1159 892 metrc'carum
1189 853 1304 892 libros
1338 854 1560 903 111‚Dantis

287 926 492 978 Alighoerii
515 925 714 966 Summam
734 924 1019 964 Monarchiani.

339 999 432 1038 Con.
459 999 504 1037 E.
534 997 650 1047 (Bibl.
682 998 771 1037 Nat.
803 998 908 1046 Par.)
930 996 1063 1036 Codex
1083 996 1314 1036 chartaceus
1335 1008 1412 1036 nis.
1435 996 1558 1045 in-4⁰‚

287 1069 380 1109 olim
411 1068 660 1108 Tellerianus
693 1069 768 1118 (Le
799 1067 959 1116 Tellier,
995 1067 1317 1120 archiepiscopus
1351 1067 1562 1107 Remensis

285 1141 325 1190 (†
342 1141 471 1190 1710).
489 1142 523 1179 Is
537 1139 661 1179 codex
679 1150 767 1179 saec.
784 1150 852 1188 xv,
870 1139 1008 1178 sivein
1029 1138 1152 1188 ltalia,
1171 1138 1254 1178 sive
1269 1139 1309 1177 in
1327 1138 1452 1179 Gallia
1468 1150 1560 1178 aus-

289 1210 373 1251 trali
396 1210 554 1250 videtur
573 1215 773 1259 exaratus,
796 1209 861 1250 cui
891 1209 1033 1249 titulus
1053 1209 1285 1250 inscribitur
1308 1223 1316 1248 :
1343 1212 1385 1249 F.
1410 1212 1562 1250 Petrar-

284 1282 367 1321 ehae
386 1281 551 1334 Sez'pz'as.
574 1281 848 1331 Emendatior,
866 1281 1087 1333 praesertim
1100 1282 1142 1321 in
1157 1281 1296 1333 primis
1312 1280 1440 1331 libris,
1460 1281 1559 1321 mihi

284 1353 440 1392 videtur
461 1352 664 1392 codicibus
683 1355 725 1399 B,
749 1354 794 1402 C,
814 1355 859 1392 D.

338 1426 431 1463 Con.
458 1426 501 1463 F.
531 1423 648 1474 (ssihl.
678 1425 768 1464 Nat..
801 1425 904 1472 Par.)
926 1425 1058 1464 Codex
1078 1424 1311 1464 chartaceus
1336 1436 1413 1464 ms.
1441 1424 1557 1473 iii-4⁰,

284 1493 378 1534 olim
409 1495 682 1535 b'lazarinaeus.
723 1497 869 1535 Praeter
901 1495 1084 1548 Africam
1117 1496 1296 1536 continet
1338 1495 1560 1536 Petrarchae

285 1565 481 1606 Bucolica.
507 1566 583 1615 Qui
616 1571 766 1617 autem,
793 1566 881 1607 aliis
912 1567 1158 1617 mendosior,
1192 1579 1282 1608 saec,
1305 1580 1358 1608 xv
1388 1572 1560 1609 exeunte

287 1638 406 1687 (inter
433 1640 537 1679 1450
560 1642 599 1679 et
619 1641 735 1686 1475)
766 1639 807 1678 in
835 1639 946 1679 Italia
973 1639 1036 1679 vel
1063 1639 1188 1679 Gallia
1214 1639 1375 1680 australi
1402 1639 1561 1680 videtur

282 1714 480 1750 exaratus.
501 1711 605 1749 Tum
626 1710 701 1750 fuit
723 1710 1002 1751 Bartholomaei
1023 1713 1144 1764 Faye,
1166 1711 1361 1764 Lugduno
1383 1711 1557 1761 oriundi,

282 1781 375 1821 dein
398 1781 612 1821 consiliarii
638 1781 681 1821 in
711 1781 976 1822 parliamento
1001 1783 1239 1831 Parisiens13
1267 1783 1314 1823 ab
1336 1783 1403 1823 illo
1424 1789 1560 1836 postea

283 1853 387 1892 dono
407 1852 524 1892 datus
537 1852 713 1893 Johanni
733 1858 771 1893 et
793 1854 1011 1906 Pomponio
1034 1854 1082 1894 de
1101 1854 1309 1904 Bellievre‚
1334 1856 1420 1907 ejus
1439 1866 1559 1907 nepo-

283 1924 404 1964 tibus.
418 1924 623 1973 Quomodo
640 1924 683 1964 in
696 1924 979 1966 bibliothecam
992 1926 1267 1966 Mazarinaeam
1280 1925 1433 1966 venerit
1446 1925 1556 1966 latet.

336 1995 406 2034 His
434 1995 556 2047 igitur
591 1995 769 2048 quinque
798 1996 1014 2046 codicibus,
1054 1997 1141 2037 cod.
1176 1999 1207 2037 A
1240 1997 1453 2049 expressis,
1485 1997 1560 2037 ori-

282 2066 416 2117 ginem
458 2066 667 2116 eamdem,
708 2067 922 2120 idemque,
964 2073 1009 2108 ut
1048 2068 1103 2108 ita
1136 2068 1280 2118 dicam,
1307 2080 1434 2121 genus
1472 2081 1559 2110 esse

282 2143 454 2178 constat.

336 2212 499 2250 Constat
516 2214 705 2261 praeterea
718 2222 765 2251 ex
783 2210 846 2250 his
868 2211 1024 2252 nullum
1046 2212 1094 2252 ad
1117 2213 1397 2253 excudendum
1416 2225 1558 2266 poema

282 2292 370 2321 esse
398 2280 640 2321 adhibitum.
669 2283 794 2322 Senas
827 2283 977 2323 etenim
1006 2283 1218 2335 editiones,
1248 2289 1336 2325 tum
1364 2285 1555 2335 venetiis,

282 2356 370 2391 tum
391 2352 554 2392 Basileae
578 2352 757 2405 vulgatas
777 2353 945 2406 inspice.
969 2356 1120 2396 Omnes
1146 2367 1193 2396 ex
1220 2368 1300 2397 uno
1319 2357 1466 2403 codice,
1495 2357 1557 2398 vel

282 2422 416 2474 potius
445 2434 613 2476 quaeque
646 2436 694 2464 ex
725 2425 900 2466 editione
929 2426 1132 2478 superiore
1154 2428 1349 2480 impressa
1381 2428 1554 2469 videtur.

283 2493 479 2533 Omnibus
515 2494 635 2534 etiam
669 2495 841 2545 desunt,
878 2497 1041 2537 cuilibet
1077 2504 1215 2538 contra
1253 2499 1374 2539 codici
1416 2500 1556 2539 inscri-
