1865 2959
796 232 840 237 —
865 211 936 246 219
965 231 1005 237 —

264 300 395 341 Nescit
413 304 457 339 ut
475 310 561 339 esse
584 298 698 337 loco?
723 296 936 348 Fulgentes
957 295 1109 347 respice
1133 306 1296 343 currus;

263 374 410 413 Caetera
430 370 527 424 quin
548 369 667 410 etiam
695 381 783 421 quze
802 366 1055 408 circumferre
1076 366 1293 418 triumphis

263 442 445 484 Romulei
473 446 645 481 statuere
666 440 802 489 duces,
825 445 867 479 ut
886 439 1044 491 jaspide
1068 437 1202 478 crebra
1467 439 1544 477 160

264 518 388 555 Texta
407 525 552 554 corona
570 513 692 552 micat
710 526 719 561 3
743 511 862 551 rutilo
885 511 984 563 riget
1005 510 1159 562 integer
1177 521 1271 549 auro

229 578 231 580 ¹
265 589 323 626 En
345 590 487 634 crater,
511 589 741 636 quantoque
761 594 927 622 manum
949 581 1080 634 gravis
1101 580 1280 633 implicat
1304 580 1422 628 orbe3

264 660 323 698 En
345 657 507 697 habitus
529 667 637 695 sacra
659 667 736 707 quo
762 654 820 693 nil
839 653 1090 705 conspectius
1113 652 1211 692 urbe

264 728 444 769 Noveris.
475 730 560 779 lpse
581 726 726 766 animis
746 725 902 778 pridem
924 727 1105 765 Romana
1131 724 1227 776 quid
1245 727 1350 763 esset

264 800 401 839 Virtus
421 797 608 838 mortales
630 797 735 837 inter
758 802 797 836 te
818 808 937 835 nosse
958 795 1109 835 fateris.
1474 795 1546 833 165

263 871 375 920 Quod
399 869 551 910 nescire
575 874 701 921 potes,
728 868 829 908 nulli
850 873 931 907 tam
953 867 1055 907 clara
1077 866 1252 906 solemus

265 945 440 982 Externo
462 946 650 993 pi‘aestare
673 940 774 990 viro,
796 939 869 979 tibi
894 944 1031 978 nostra
1051 939 1120 978 sed
1141 939 1211 978 uni

264 1016 400 1062 Arma,
418 1013 616 1061 habitum,
645 1012 797 1060 titulos,
820 1022 1050 1063 nomenque
1074 1010 1277 1062 decusque
1296 1008 1438 1049 libenti

265 1087 397 1126 Mente
417 1085 584 1134 damus3
608 1089 646 1124 te
670 1083 903 1136 participem
927 1083 1161 1134 sociumque
1183 1080 1317 1121 licebit

265 1160 361 1198 Esse
384 1156 684 1208 triumphorum
709 1155 827 1195 nobis
849 1167 951 1207 quos
972 1160 1109 1194 nostra
1126 1153 1275 1205 pararit
1474 1154 1550 1191 170

265 1230 454 1268 Fortuna.
477 1230 520 1267 In
545 1227 678 1267 medio
699 1227 813 1267 sedes
834 1226 906 1265 tibi
928 1231 1033 1266 certa
1056 1229 1197 1265 senatu

266 1302 432 1352 Semper
453 1299 527 1339 erit
552 1304 686 1338 nostro
707 1312 714 1337 :
743 1298 838 1337 civis
862 1297 1113 1337 monimenta
1133 1295 1292 1336 tenebis

266 1371 412 1411 Omnia
433 1370 638 1419 Romulei3
666 1369 851 1409 stabilem
877 1369 1112 1420 sociumque
1132 1373 1171 1408 et
1198 1367 1375 1407 amicum

264 1445 399 1495 Teque
425 1442 645 1482 salutamus
667 1454 818 1493 regem.
841 1443 945 1480 Tum
968 1445 1027 1490 tu,
1053 1440 1206 1492 optime
1228 1438 1336 1487 Laeli,

267 1517 379 1555 Hanc
403 1526 498 1554 auro
518 1513 769 1566 gemmisque
795 1524 956 1564 gravem
985 1517 1139 1564 gestare
1160 1521 1350 1551 coronam
1475 1510 1551 1547 175

269 1588 423 1639 Dignus
442 1586 562 1636 habe,
589 1590 805 1637 captosque
822 1585 985 1624 trahens
1005 1584 1262 1636 primumque
1284 1581 1523 1634 Syphacem,

269 1657 487 1700 Maturabis
510 1658 585 1698 iter
602 1672 611 1707 ;
630 1657 767 1710 pelago
791 1662 866 1696 stat
889 1656 1026 1697 classis
1045 1660 1197 1707 aperto,

268 1733 315 1770 Et
340 1729 541 1782 placidum
564 1729 740 1781 spirante
767 1728 916 1768 fretum
944 1727 1216 1768 substernitur
1239 1731 1390 1767 austro.

268 1804 320 1842 At
343 1813 428 1850 VOS,
444 1813 465 1840 o
492 1801 586 1840 socii
608 1800 841 1840 certaminis
866 1804 984 1851 atque
1003 1798 1203 1848 laborum,

269 1873 467 1914 Emeritas
489 1872 627 1913 laudes
649 1877 687 1912 et
706 1871 870 1924 praemia
891 1871 1011 1923 digna
1029 1869 1184 1919 feretis,
1478 1869 1554 1905 180

275 1947 376 1984 Cum
394 1956 469 1984 nos
494 1944 689 1996 laurigero
716 1943 908 1996 Capitolia
927 1942 1030 1983 celsa
1047 1946 1277 1994 prementes

270 2018 376 2055 Laeta
401 2014 543 2055 videns
567 2026 701 2064 curru,
728 2026 820 2054 cum
847 2011 1086 2053 circumfusa
1104 2011 1313 2052 faventum

321 2208 395 2238 160.
419 2207 559 2241 Romani
578 2207 611 2238 in
633 2207 687 2238 ed.
706 2207 794 2243 Bas„
816 2205 966 2240 Romulei
986 2205 1019 2236 in
1045 2213 1104 2236 ms.
1131 2204 1170 2242 A,
1190 2202 1330 2237 Romani
1351 2202 1383 2233 in
1404 2201 1554 2234 omnibus

272 2264 357 2296 aliis.

319 2322 395 2352 172.
416 2320 629 2353 Monumenta
646 2319 678 2350 in
701 2321 753 2351 ed.
775 2320 863 2356 Bas„
886 2319 1089 2350 monimenta
1109 2318 1141 2348 in
1163 2327 1224 2348 ms.
1248 2318 1284 2356 Α,
1309 2318 1344 2356 Β,
1365 2317 1400 2352 Ο,
1422 2317 1458 2347 D.

320 2379 396 2409 174.
424 2377 465 2409 Te
486 2377 518 2408 in
544 2378 597 2408 ed.
628 2377 716 2414 Bas„
739 2380 831 2417 teque
852 2376 884 2407 in
914 2376 1066 2407 omnibus
1088 2384 1149 2406 ms.
1169 2385 1178 2413 3
1198 2378 1233 2406 tu
1261 2374 1417 2406 omissum
1438 2373 1469 2404 in
1501 2374 1552 2404 ed.

274 2435 351 2467 Bas.
369 2445 377 2472 3
400 2437 434 2465 lu
450 2437 485 2464 tu
506 2433 537 2464 in
556 2443 617 2464 ms.
636 2434 673 2468 A.
696 2437 763 2464 tum
786 2437 819 2464 lu
841 2433 874 2463 in
895 2433 979 2463 aliisi

320 2492 396 2523 178.
420 2490 582 2523 Placitum
604 2491 635 2522 in
655 2490 708 2522 ed.
732 2490 818 2529 Bas„
836 2489 1003 2531 placidum
1025 2490 1056 2520 in
1074 2489 1224 2520 omnibus
1245 2497 1306 2519 ms.
