1865 2959
834 235 1045 271 -108-

298 327 386 365 Non
410 322 503 362 tulit
523 321 804 373 indignantem
826 320 961 361 animo
985 325 1099 373 pater
1118 319 1296 372 optimus
1328 333 1337 359 :
1365 334 1383 356 «
1403 321 1502 369 Imo,

301 399 398 445 11110,
421 394 489 444 ait,
511 398 665 434 armato
686 393 883 433 latronem
908 392 1054 445 pellere
1080 392 1236 432 luscum

301 468 466 508 Finibus
488 466 676 507 Ausoniae
697 465 872 506 dabitur.
896 465 1079 505 Discedet
1098 464 1236 517 iniquo

302 540 396 580 lude
421 539 570 588 animo,
592 543 825 590 memetque
841 537 1012 578 alienam
1030 537 1212 589 linquere
1232 541 1382 576 terram

300 611 516 664 Sanguinis
531 622 574 651 ac
592 610 736 663 praedae
760 610 899 649 sitiens
924 623 931 648 :
955 614 994 649 at
1015 614 1157 648 moesta
1179 620 1346 648 suorum
1535 609 1586 646 35

299 684 414 724 Plebs
436 688 637 733 metuens,
659 682 844 734 belloque
866 681 988 721 nimis
1011 680 1172 720 turbata
1193 679 1436 732 propinquo,

300 758 416 796 Hunc
431 760 581 808 repetet
595 754 852 807 retrahetque
868 754 1051 793 domum.
1067 755 1284 804 Postquam
1305 751 1437 792 Africa
1450 755 1587 804 tanget

299 829 463 879 Littera,
484 827 644 868 funesto
667 828 819 867 veritus
840 826 1052 878 confligere
1078 837 1218 877 campo

300 903 545 953 Congressus
564 899 670 940 volet
696 904 788 939 ante
808 904 900 938 tuos
925 912 933 938 :
957 903 1000 938 tu
1022 898 1126 938 furta
1146 901 1281 938 caveto

301 973 549 1025 Insidiasque
567 971 662 1021 viri·‚
682 972 849 1011 doceant
877 976 913 1011 te
941 970 1026 1010 dira
1047 975 1213 1010 tuorum
1534 969 1587 1006 lio

301 1047 460 1086 Funera
479 1044 685 1084 barbarico
708 1042 886 1083 confecta
907 1042 1090 1083 ferociter
1110 1047 1213 1081 astu.

302 1120 316 1157 1
341 1122 491 1166 tamen,
514 1122 633 1168 atque
654 1115 783 1155 hostis
799 1114 1002 1155 crudelem
1024 1114 1207 1165 conspice
1229 1113 1387 1153 vultum

303 1192 351 1229 Et
373 1189 487 1229 dictis
510 1188 675 1228 intende
691 1200 846 1236 aurem,
869 1191 1091 1238 cautusque
1113 1185 1286 1238 vigilque

304 1262 500 1302 insidiosa
528 1261 635 1300 senis
655 1260 804 1300 versuti
828 1260 985 1312 percipe
1007 1258 1142 1298 verba.

304 1334 344 1373 Si
367 1333 504 1373 renuis
525 1333 777 1384 retrahisqne
796 1332 957 1384 pedem,
987 1330 1088 1370 milii
1110 1330 1240 1380 crede,
1262 1342 1332 1381 per
1346 1329 1485 1369 orbem
1541 1331 1592 1369 45

304 1408 384 1446 Aut
402 1405 568 1446 timidus
587 1405 745 1445 videare
767 1404 868 1453 aliis,
893 1408 961 1443 aut
981 1402 1082 1443 forte
1108 1402 1323 1454 superbus.

306 1478 371 1518 llle
399 1478 561 1531 quidem
581 1477 689 1517 varia
711 1476 883 1517 tentabit
902 1476 1060 1515 flectere
1081 1479 1261 1514 mentem

305 1553 402 1592 Arte
422 1550 604 1603 dolisque
624 1549 755 1599 novis,
787 1549 944 1589 dulcem
970 1559 1041 1601 per
1058 1546 1213 1599 singula
1235 1557 1389 1599 pacem,

308 1626 449 1664 Pacem
468 1623 635 1673 iterans,
658 1621 878 1673 velansque
899 1621 1012 1661 dolos
1034 1619 1108 1660 sub
1132 1618 1297 1659 nomine
1316 1617 1440 1671 pacis,

307 1697 458 1736 Unicus
479 1706 639 1734 eversor
658 1694 780 1746 pacis.
804 1693 1057 1733 Firmissime
1077 1697 1224 1744 persta,
1544 1691 1594 1728 50

308 1766 644 1820 Propositumque
667 1771 784 1814 tene3
808 1766 863 1805 nil
886 1765 934 1805 de
959 1765 1178 1817 patriaeque
1200 1768 1348 1815 tuaque

308 1841 511 1892 MaJ'estate
532 1838 660 1878 cadat.
682 1840 841 1878 Freinet
862 1838 942 1887 ille,
965 1842 1003 1877 et
1025 1837 1155 1877 tristia
1176 1847 1310 1875 coram

308 1914 401 1952 Fata
422 1911 581 1960 videns,
601 1910 777 1950 humiles
797 1922 912 1950 voces
931 1909 1214 1961 submissaque
1235 1907 1355 1947 verba

355 2071 408 2101 37.
428 2069 539 2111 Effera
556 2069 587 2100 in
609 2069 660 2100 ed.
678 2068 766 2107 Bas„
785 2067 894 2108 Africa
914 2067 946 2099 in
968 2067 1121 2099 omnibus
1142 2075 1204 2098 ms.

355 2129 410 2159 40.
434 2127 551 2159 Doceat
570 2126 600 2157 in
617 2127 672 2158 ed.
689 2126 779 2163 Bas„
801 2125 938 2157 doceant
960 2125 991 2156 in
1012 2124 1166 2156 omnibus
1188 2132 1250 2154 ms.

356 2185 409 2215 Μ.
431 2183 529 2216 AEstu
547 2192 604 2223 pro
624 2186 697 2214 astu
717 2183 749 2213 in
772 2191 832 2213 ms.
857 2183 892 2213 E.

357 2242 410 2272 45.
432 2239 523 2273 Nihil
544 2240 577 2270 in
596 2240 649 2271 ed.
670 2240 757 2276 Bas„
780 2239 863 2270 mihi
884 2238 915 2269 111
938 2237 1091 2269 omnibus
1109 2246 1171 2268 ms.

359 2299 413 2328 47.
440 2297 543 2331 Vacua
563 2306 620 2337 pro
640 2297 733 2328 varia
754 2296 786 2327 in
807 2305 868 2327 ms.
889 2297 927 2333 Β,
943 2297 979 2327 D.

357 2358 411 2387 48.
433 2354 560 2388 Soecula
578 2354 609 2385 in
632 2355 684 2385 ed.
708 2354 795 2391 Bas„
816 2353 946 2395 sinqula
968 2353 1000 2384 in
1023 2351 1175 2384 omnibus
1195 2360 1256 2382 ms.

357 2415 411 2445 119.
433 2412 591 2452 Pacisqne
620 2414 729 2452 legens
754 2410 812 2442 snb
840 2410 972 2441 nomine
997 2408 1148 2449 fraudem
1177 2407 1208 2439 in
1235 2408 1289 2440 ed.
1313 2408 1401 2445 ΒΜ»,
1421 2406 1597 2447 velatisque

313 2470 403 2502 dolos
421 2468 480 2501 sub
496 2468 628 2500 nomine
644 2468 736 2510 pacis
753 2467 784 2499 in
805 2467 958 2498 omnibus
979 2475 1042 2497 ms.

359 2529 412 2559 ⁵0.
435 2525 562 2560 Proesta
580 2525 614 2557 in
634 2525 688 2558 ed.
707 2525 794 2564 Bas„
813 2526 923 2568 persta
943 2523 976 2556 in
994 2532 1056 2556 ms.
1077 2522 1114 2562 Α,
1135 2521 1174 2561 C,
1198 2523 1237 2561 D,
1257 2522 1294 2554 E.
