1865 2959
789 218 974 252 ...21—

251 315 394 359 suisse
414 308 697 356 Petrarcham
723 305 886 362 liquet;
921 314 1010 358 quo
1044 302 1239 348 auctore,
1275 293 1525 351 Scipionem

252 394 431 437 secutus
451 390 518 432 ost
541 385 596 429 ab
622 382 766 427 Africa
783 378 829 423 in
847 377 1107 435 Hispaniam
1131 374 1416 432 migrantem,
1445 369 1525 426 Sy-

252 469 544 528 phacemque,
565 475 642 520 per
654 458 854 509 Laelium,
878 455 962 499 sibi
984 453 1156 497 socium
1174 449 1498 508 adjungentem
1514 461 1525 498 ;

251 544 489 606 posterius,
520 540 655 585 rebus
680 535 879 582 mutatis,
904 530 1095 590 Syphaci
1128 528 1320 579 ruinam,
1354 524 1527 582 Sopho-

253 623 395 668 nisbae
427 630 671 668 vencnum,
701 611 911 658 Annibali
938 610 1114 667 fugam,
1150 600 1529 661 Carthaginiensi-

254 703 340 745 bus
367 711 522 758 pacem
540 694 803 739 molientem
827 706 835 733 ε
862 699 1071 744 eumque,
1094 683 1366 738 ubicumque
1389 692 1482 723 non
1508 690 1532 720 a

256 777 500 839 proposito,
536 775 689 818 ornate
720 766 897 812 dicendi
915 776 1062 815 causa,
1094 761 1326 820 digressus
1345 757 1416 808 sit,
1440 759 1532 799 tam

256 857 399 901 fidum
433 851 633 898 historiae
685 847 978 904 interpretem
1028 836 1427 898 deprehendimus,
1478 838 1528 876 ut

258 936 349 980 fere
366 934 511 983 liceat,
532 928 642 973 Livii
669 939 759 970 uno
777 922 958 973 auxilio,
990 932 1040 964 ea
1066 930 1166 975 quae
1183 916 1299 959 inter
1320 915 1533 970 quartum

260 1017 303 1058 et
342 1011 552 1070 quintum
589 1005 754 1049 librum
802 999 1115 1044 desiderantur
1162 997 1263 1052 apte
1305 989 1532 1049 supplere.

262 1089 398 1134 Multa
436 1084 616 1144 quidem
662 1095 686 1125 a
738 1078 861 1124 Livio
915 1076 961 1119 in
1018 1075 1104 1117 hoc
1152 1068 1390 1114 intervallo
1438 1079 1538 1124 quae

263 1165 498 1213 Pctrarcha
534 1158 751 1205 memoria
780 1156 915 1214 digna
948 1156 1100 1197 tamen
1134 1147 1313 1199 omisit,
1351 1156 1537 1188 narran-

264 1250 336 1290 tur
361 1260 371 1288 :
401 1241 651 1300 Syphacem
682 1249 707 1279 a
737 1232 948 1278 Romanis
981 1226 1303 1276 discedentem,
1323 1220 1542 1266 suadente

265 1334 382 1366 nora
415 1319 606 1377 conjuge
631 1309 931 1372 Sophonisba,
967 1307 1228 1361 victumque
1263 1304 1307 1346 et
1340 1302 1535 1357 captum,

266 1398 570 1445 Massinissam
596 1396 750 1437 contra
769 1386 962 1447 Scipioni
980 1383 1143 1429 auxilio
1165 1379 1424 1425 venientem
1446 1388 1541 1418 am-

267 1479 439 1534 bosque
466 1472 662 1517 Cirtham
687 1466 946 1513 obsidentes
967 1461 1202 1511 videmus;
1225 1461 1269 1502 et
1300 1455 1405 1499 inde
1436 1466 1543 1497 con-

263 1558 430 1616 jectare
459 1552 562 1595 licet
589 1549 703 1592 duos
724 1549 800 1590 aut
828 1548 918 1588 tres
941 1544 1097 1596 Africae
1115 1537 1254 1581 libros
1284 1531 1543 1583 desiderari,

270 1635 330 1677 ita
355 1636 404 1676 ut
428 1644 481 1675 ex
503 1625 759 1677 duodecim,
781 1624 985 1665 AEaeidos
1010 1619 1168 1668 instar,
1198 1618 1346 1659 totum
1368 1612 1546 1656 consta-

271 1715 338 1756 ret
364 1721 540 1768 poema.

329 1789 543 1832 Nostrum
563 1786 714 1828 vatem
734 1781 855 1839 patet
888 1787 1121 1833 nunquam
1141 1771 1196 1816 ab
1220 1769 1377 1814 ordine
1411 1767 1548 1811 histo-

271 1868 360 1912 rico
387 1877 537 1909 rerum
555 1858 859 1908 abhorruisse,
892 1866 1039 1911 neque
1066 1849 1314 1909 quidquam
1341 1859 1423 1890 suo
1447 1857 1552 1888 con-

275 1945 373 1990 silio
397 1954 558 1987 ausum
584 1951 683 1983 esse
700 1953 710 1989 ;
726 1934 862 1979 modo
889 1937 1040 1977 tamen
1062 1927 1270 1987 quaedam
1295 1925 1394 1968 fuse
1413 1921 1552 1980 expli-

276 2022 406 2068 cavit.
428 2021 578 2064 Unum
598 2016 655 2060 sit
685 2012 958 2071 exemplum.
992 2009 1097 2052 Haec
1117 2008 1294 2050 tantum
1312 2002 1367 2046 de
1385 1999 1553 2058 Sopho-

277 2099 419 2145 nisbae
461 2095 618 2140 habitu
656 2092 841 2137 Livius:
892 2106 913 2128 «
954 2087 1116 2130 Forma
1157 2085 1251 2127 erat
1288 2077 1478 2137 insignis
1511 2079 1555 2119 et

279 2174 598 2222 florentissima
618 2174 741 2215 aetas.
768 2186 789 2208 »
823 2167 928 2217 Quae
954 2163 1134 2221 longius
1154 2173 1232 2219 per
1252 2157 1435 2216 triginta
1459 2165 1556 2198 ver-

281 2270 358 2300 sus
379 2249 677 2298 circumduxit
695 2244 947 2292 Petrarcha.

342 2334 446 2383 Quae
468 2331 707 2373 narrantur
736 2324 897 2369 leviter
916 2317 1156 2378 aliquando
1185 2316 1345 2359 mutat.
1372 2309 1558 2355 Laelium

284 2425 363 2470 pro
384 2407 586 2466 Scipione
607 2405 704 2463 ipso
726 2399 976 2446 coenavisse
995 2394 1115 2455 apud
1135 2392 1391 2451 Syphacem
1409 2386 1555 2438 finxit,

284 2488 559 2543 Lseliumque
577 2496 656 2542 pro
669 2477 919 2526 Asdrubale
936 2474 1142 2520 Africano
1156 2469 1314 2515 laudes
1331 2465 1555 2512 tribuisse.
