1865 2959
850 226 889 232 -
921 205 989 241 14),
1019 225 1057 231 ...

312 294 494 346 Europae,
516 292 730 344 Libyaeque
746 290 892 331 honus.
914 306 930 327 »
958 290 1021 330 Sic
1040 289 1104 329 ille
1123 289 1280 329 locutus
1523 290 1598 330 330

313 365 527 414 Conticuit,
549 375 768 416 vocemque
789 362 907 403 simul
929 361 1167 413 vultumque
1189 360 1360 401 remisit.

312 440 416 478 Tum
437 449 505 477 rex
525 436 698 476 blandus
718 436 771 476 ait
792 449 800 474 :
833 450 851 472 «
871 436 1075 483 Vostrum,
1100 435 1293 482 Romane,
1315 432 1487 472 libenter

316 509 567 562 Propositum
588 507 820 560 amplector,
843 519 917 547 nec
937 505 1053 546 amici
1075 516 1244 545 munera
1264 504 1364 544 tanti

314 581 495 634 Despicio
522 586 778 632 vestramque
804 579 941 619 fidem.
971 578 1047 618 Sed
1071 579 1242 629 jungere
1266 575 1397 617 foedus

314 656 358 694 In
379 658 613 706 partemque
635 653 729 692 novi
751 651 882 692 subito
904 649 1077 690 transire
1098 648 1234 701 pericli
1524 649 1601 688 335

314 728 465 778 Sponte
485 737 574 765 mea
596 736 751 774 vereor,
775 723 851 763 nisi
874 722 1052 775 primum
1074 732 1237 761 cernere
1255 731 1388 760 coram

314 798 615 849 Magnanimum
636 796 732 836 facis
751 796 837 848 ipse
859 795 1017 835 ducem.
1042 793 1138 833 Mihi
1164 804 1322 833 sumnia
1345 791 1527 844 voluptas

315 871 524 911 Victricem
546 870 724 922 tetigisse
745 880 930 918 manum,
951 880 1040 921 quae
1059 866 1221 907 fsederis
1243 866 1360 906 obses

312 943 408 982 Fida
429 943 493 992 sit,
515 948 554 982 ot
575 943 720 994 pignus
739 947 921 982 venturae
942 941 984 980 in
1006 939 1154 980 saecula
1173 939 1295 992 pacis.

312 1015 469 1055 Scimus
492 1019 641 1066 quanta
663 1014 826 1066 quidem
849 1013 992 1063 virtus,
1014 1023 1138 1064 qttam
1156 1011 1259 1051 clara
1278 1022 1348 1063 per
1368 1009 1504 1050 orbem
1524 1011 1602 1049 340

312 1089 434 1126 Fama
455 1086 527 1126 viri
548 1100 556 1126 z
579 1085 717 1126 nullus
738 1087 919 1126 Romano
942 1084 1134 1124 illustrior
1157 1096 1327 1136 usquam

312 1160 421 1199 Vivit
441 1159 482 1198 in
503 1158 687 1211 imperio,
711 1158 929 1210 nullusque
951 1156 1156 1210 potentior
1177 1155 1275 1196 alter

314 1232 488 1271 Flectere
512 1242 606 1271 voce
631 1231 788 1270 animos
808 1235 847 1270 et
870 1235 1029 1283 pectora
1055 1227 1183 1269 fronte
1208 1239 1386 1267 movere.

313 1304 532 1356 'fungimur
553 1308 591 1343 et
610 1303 764 1342 meritis
785 1308 822 1342 et
842 1302 1005 1341 nomine
1028 1301 1232 1352 tangimur
1251 1300 1354 1351 ipso,

310 1381 585 1428 (thatiiusque
611 1375 723 1415 ducis
746 1386 1022 1427 congressum.
1050 1376 1219 1413 Dextera
1243 1373 1392 1412 dextra}
1524 1372 1602 1410 345

313 1451 483 1497 Haerettt,
509 1453 628 1500 utque
650 1447 774 1487 oculis
796 1447 916 1494 oculi,
939 1446 1219 1499 permixtaque
1242 1444 1373 1484 verbis

312 1520 443 1560 Verba
464 1525 622 1570 sonent,
646 1519 842 1572 faciatque
861 1518 981 1559 fidem
1005 1517 1216 1570 praesentia
1234 1516 1366 1556 famae.

312 1593 412 1632 Nam
441 1604 570 1644 neque
596 1603 724 1644 usque
749 1591 847 1631 adeo
876 1595 970 1630 sunt
995 1590 1114 1629 corda
1138 1589 1284 1629 ferocia
1307 1587 1423 1628 nobis

313 1667 475 1704 Pectore
498 1664 571 1704 sul)
593 1669 746 1713 nostro,
769 1676 842 1704 nec
865 1676 981 1704 mens
1004 1668 1084 1703 tam
1104 1662 1272 1702 barbara
1289 1661 1402 1709 vivit,

313 1739 364 1777 Ut
388 1749 469 1777 non
495 1737 661 1790 pulchra
686 1737 821 1777 oculos
846 1741 1050 1785 moveant,
1081 1740 1337 1787 spectataque
1363 1733 1490 1772 virtus
1526 1733 1602 1770 350

312 1809 448 1851 Illiciat
473 1809 680 1862 capiatque
702 1809 876 1849 animos.
900 1810 951 1848 At
972 1807 1148 1848 maxima
1170 1807 1281 1858 regni

313 1884 414 1923 Cura
436 1888 545 1923 tenet
564 1882 690 1925 dubii.
711 1881 893 1935 finesque
913 1881 1105 1921 excedere
1124 1880 1251 1920 avitos

360 2045 437 2077 332.
462 2043 551 2076 Tune
568 2043 600 2075 in
618 2045 672 2076 ed.
699 2045 787 2083 Bas.‚
809 2046 879 2076 tum
900 2043 932 2074 in
955 2044 1110 2075 omnibus
1133 2052 1209 2080 ms.;
1231 2041 1376 2076 Romane
1403 2049 1460 2081 pro
1483 2039 1603 2074 Ronm-

313 2111 377 2140 πίε,
394 2102 424 2133 in
446 2102 598 2133 omnibus
618 2111 696 2140 ms.,
716 2101 794 2133 licet
814 2101 1021 2133 mendosum.

361 2161 437 2191 343.
462 2159 600 2192 Pectora
618 2159 778 2191 omissum
799 2159 831 2190 in
853 2160 906 2191 ed.
928 2160 1001 2190 Bas.

357 2218 432 2248 344.
456 2216 633 2258 Tanyimus
654 2217 687 2248 in
704 2218 757 2249 ed.
777 2217 868 2254 Bas,
887 2216 1056 2258 tangimur
1070 2214 1102 2246 in
1122 2213 1276 2246 omnibus
1297 2223 1357 2245 ms.

357 2275 432 2305 345.
456 2274 640 2315 Demtraque
660 2283 716 2314 pro
738 2274 874 2306 deaetera
894 2273 926 2304 in
948 2282 1016 2305 ms,
1034 2273 1071 2303 E.

356 2332 433 2363 348.
453 2331 547 2363 Forte
567 2332 746 2373 legendum
767 2339 909 2372 namque
929 2339 986 2362 nec
1007 2339 1064 2371 pro
1085 2338 1162 2361 nam
1183 2337 1300 2370 neque,
1319 2328 1360 2359 ita
1376 2331 1493 2360 utnon
1510 2329 1604 2358 nutet

313 2389 364 2421 hic
384 2399 507 2421 versus.

359 2448 438 2478 351.
456 2446 589 2478 Alliciat
610 2447 643 2478 iu
665 2448 716 2478 ed.
740 2447 828 2485 Bas„
851 2446 968 2478 illiciat
989 2445 1021 2477 in
1043 2445 1195 2476 omnibus
1215 2454 1291 2477 ins:
1310 2452 1361 2475 me
1383 2443 1413 2474 in
1437 2443 1490 2475 ed.
1516 2443 1605 2479 Bas„

315 2509 348 2536 at
368 2505 400 2536 in
424 2514 484 2536 ms.
509 2506 545 2535 Α.
