1865 2959
803 202 1010 237 —245—

269 286 309 326 Si
334 284 494 325 fortuna
519 284 635 324 sinat.
659 284 817 324 Sensim
838 289 1063 336 turgescere
1085 286 1203 326 colles

266 356 471 406 Cedriferi‚
493 355 673 408 nullique
697 356 840 395 cedens
862 356 926 396 his
948 356 1112 397 saltibus
1142 369 1211 397 ora

268 428 480 480 Incipiunt,
502 439 679 479 rarfeque
704 427 832 467 virent
854 439 923 479 per
942 428 1075 468 littora
1094 428 1249 480 palmae.

267 499 368 538 Hinc
388 499 604 550 delphinus
627 499 737 538 adest
762 498 849 538 luco
868 503 1071 539 contectus
1093 500 1224 552 aprico
1462 504 1539 543 845

266 570 400 622 0111100
421 570 488 622 qui
510 570 659 609 montis
675 570 871 610 violentos
892 571 1075 622 protinus
1096 576 1253 611 austros

266 641 421 693 ReJicit,
447 641 693 692 immotaque
718 641 839 680 silens
867 641 1037 681 statione
1057 642 1238 694 quiescit.

268 714 380 752 Parte
400 712 476 752 alia
491 712 653 753 sinuosa
674 717 811 764 patent
832 724 1009 753 convexa
1026 713 1165 753 Siestri
1187 727 1196 762 ;

265 784 366 823 Hinc
381 783 474 823 solis
495 783 629 823 vineta
649 784 761 824 oculo
781 784 948 824 lustrata
972 784 1145 835 benigno

263 856 312 894 Et
332 854 483 895 Baccho
510 854 651 895 dilecta
669 855 790 894 nimis
812 860 1072 908 montemque
1092 855 1305 897 rubentem
1459 860 1537 898 850

264 929 312 967 Et
326 929 422 979 juga
441 931 697 979 prospectant
720 926 901 967 Cornelia
915 927 1078 979 palmite
1103 927 1182 968 late

263 999 413 1051 Inclyta
438 998 654 1048 mellifluo3
683 999 829 1051 quibus
850 999 957 1039 haud
981 999 1180 1052 collesque
1197 1000 1385 1041 Falernos

260 1071 557 1122 Laudatanique
573 1070 663 1110 licet
689 1071 847 1110 Meroen
868 1071 1034 1111 cessisse
1053 1071 1218 1123 pudebit
1245 1085 1253 1111 z

260 1143 372 1181 Tunc
390 1154 459 1181 seu
480 1142 590 1193 pigra
611 1142 704 1191 situ,
728 1142 827 1181 nulli
854 1155 923 1182 seu
947 1147 1041 1182 nota
1063 1147 1190 1195 poetae

261 1212 328 1252 Illa
349 1211 422 1252 fuit
442 1212 573 1262 tellus,
596 1213 720 1264 11101111
740 1214 825 1253 sine
846 1214 1022 1254 carmine
1043 1226 1167 1254 sacro.
1455 1217 1533 1256 855

260 1286 342 1324 Hoc
361 1284 459 1324 niihi
481 1296 588 1324 nunc
609 1285 803 1325 cantanda
824 1285 906 1325 1000
927 1285 1173 1325 sulcantibus
1198 1297 1346 1338 aeqiior.

259 1357 392 1397 Insula
406 1359 491 1409 jam
510 1357 736 1408 Venerique
756 1357 915 1409 placens
934 1369 955 1397 a
973 1357 1104 1397 littore
1124 1362 1263 1410 portus

256 1429 454 1477 Exoritur,
479 1435 694 1480 contraque
719 1429 830 1468 sedet
851 1428 1094 1468 fortissimus
1115 1430 1220 1481 Eryx

257 1500 460 1540 Ausonius
480 1499 620 1540 Siculae
640 1500 817 1540 retinens
838 1500 1077 1552 cognomina
1095 1500 1204 1552 ripae.

258 1571 432 1612 Collibus
452 1571 517 1611 his
534 1571 661 1623 ipsam
686 1571 898 1623 perhibent
919 1571 1099 1611 habitare
1118 1571 1354 1622 Minervam,
1455 1575 1532 1613 860

256 1645 521 1695 Spernentem
542 1642 688 1694 patrias
709 1643 784 1682 olei
804 1642 1012 1682 dulcedine
1031 1643 1225 1684 Athenas

254 1715 440 1754 Exoritur
459 1715 646 1766 corvique
667 1719 783 1766 caput
803 1714 1098 1767 tumefactaque
1119 1715 1264 1755 circuni

255 1786 464 1826 Dissiliunt
484 1787 624 1835 maria,
648 1791 686 1826 et
705 1787 809 1827 saxis
829 1787 963 1827 fremit
983 1788 1092 1827 unda
1112 1787 1284 1827 vadosis.

255 1858 444 1910 Cognitus
464 1858 505 1897 in
525 1858 656 1898 medio
676 1859 808 1898 nautis
829 1859 1026 1911 dorsoque
1047 1858 1220 1910 nigranti

255 1930 414 1970 Arduus
435 1930 605 1982 assurgit
629 1930 814 1982 scopulus
834 1945 841 1969 :
869 1930 930 1970 cui
949 1930 1130 1982 proxima
1148 1941 1268 1982 rupes
1453 1932 1530 1970 865

254 2001 466 2041 Candidior
483 2001 561 2041 late
583 2001 729 2041 Phoebo
750 2001 921 2042 feriente
938 2001 1122 2053 refulget.

255 2074 349 2112 Post
367 2072 409 2111 in
427 2083 582 2112 secessu
602 2084 721 2112 curvo
739 2073 860 2113 maris
882 2072 981 2113 ostia
1002 2084 1135 2112 macra

255 2145 480 2183 cernuntur
498 2143 644 2195 rapidi,
668 2144 891 2196 stantisque
911 2144 1058 2196 palatia
1079 2144 1183 2184 lunae

297 2307 373 2337 846.
400 2305 562 2339 Violentus
581 2315 640 2347 pro
661 2306 819 2338 violentos
840 2306 871 2338 in
898 2316 961 2339 ms.
984 2308 1022 2338 A.

297 2364 372 2394 849.
394 2362 451 2394 Hic
468 2372 580 2394 versus
598 2363 690 2394 deest
710 2363 743 2394 111
762 2373 820 2394 nis.
841 2364 877 2394 E.

297 2422 372 2451 853.
394 2419 529 2452 Moerenl
549 2420 582 2451 in
603 2421 656 2452 ed.
676 2420 766 2460 Bas„
789 2420 917 2453 Meroen
933 2420 965 2452 in
987 2430 1047 2452 ms,
1066 2422 1104 2458 Α,
1123 2421 1159 2459 B,
1180 2422 1215 2458 C,
1236 2422 1274 2459 D,
1292 2421 1327 2452 Ε.

297 2479 372 2509 861.
391 2475 667 2520 Spernentemque
687 2477 721 2508 in
741 2478 793 2509 ed.
810 2478 897 2517 Bas..
918 2481 1125 2520 spernentem
1145 2478 1177 2510 in
1199 2478 1347 2510 omnihus
1370 2486 1431 2509 ms.
