1865 2959
833 198 1044 232 -373—

300 284 350 322 Et
369 282 513 334 quires
532 281 648 322 Italas
668 281 822 333 coepisti
841 287 879 321 et
902 281 1051 321 Punica
1069 285 1181 333 gesta

299 354 602 406 Scipiademque
621 351 768 393 referre
786 353 914 405 pium,
937 363 1098 393 rumore
1126 354 1316 403 secundo,

299 425 438 465 Totius
459 437 502 464 ac
523 424 645 474 orbis,
673 423 739 463 ubi
766 423 900 475 lingua
921 423 1060 474 latina,
1079 424 1229 474 favore,

300 501 411 548 Fare,
429 509 581 550 precor,
605 508 860 537 summamne
875 508 1041 536 manum
1059 497 1188 548 gravis
1206 496 1336 537 Africa
1356 499 1561 550 quondam

299 568 455 620 Attigit,
476 573 514 608 at
539 573 643 607 certe
667 567 814 607 meruit
831 567 1089 619 contingere?
1109 568 1221 616 Quod
1244 568 1275 607 si

300 640 447 681 Ultima
465 640 561 680 lima
575 644 692 680 tuum
713 639 896 691 purgavit
921 650 1080 679 carmen
1101 639 1150 679 ad
1171 651 1362 692 unguem,

302 714 349 752 Ut
370 724 470 761 reor,
495 715 616 763 utque
640 710 764 762 magis
786 722 857 762 par
877 714 935 750 est
953 722 1026 750 nos
1046 711 1220 758 credere,
1242 723 1312 752 cur
1336 724 1417 753 non

299 786 342 823 In
360 783 489 823 lucem
513 783 671 835 prodire
691 782 832 822 datur?
853 784 1072 834 Semperne
1091 781 1229 822 latebit

296 854 503 894 Librorum
523 854 724 906 studiique
745 854 850 893 inter
869 853 1051 905 angustia
1071 855 1254 906 semper?

295 925 446 966 Italiam
470 926 643 978 pendere
664 931 775 965 tuam
796 925 945 976 patiere
972 930 1213 966 morantem.

294 999 349 1037 Te
370 997 484 1037 multi
506 997 681 1037 historiae
703 997 846 1036 seriem
873 1007 1031 1036 servare
1053 997 1248 1046 canendo,

294 1069 442 1108 Lucani
467 1068 515 1108 de
534 1080 661 1117 more,
679 1072 837 1120 putant,
863 1067 921 1106 nil
940 1067 1105 1120 fingere,
1134 1079 1273 1108 verum

294 1141 408 1179 Certa
435 1139 561 1191 sequi,
580 1150 662 1178 non
683 1138 815 1178 clausa
840 1150 958 1177 sacrae
976 1137 1166 1189 figmenta
1189 1138 1321 1190 poesis

294 1211 459 1262 Pingere
483 1209 542 1249 vel
569 1209 734 1249 celebris
750 1210 933 1249 Parnassi
954 1210 1164 1250 admittere
1184 1210 1316 1249 ludos.

293 1283 395 1322 Sunt
413 1282 480 1334 qni
501 1287 538 1321 te
560 1282 771 1333 Hesperias
793 1281 921 1321 selum
944 1282 1170 1334 pertingere
1190 1293 1344 1333 pugnas

292 1353 527 1402 Affirment3
554 1353 618 1392 alii
647 1353 805 1405 Libycis
825 1358 893 1393 tua
913 1353 1091 1393 carmina
1109 1353 1229 1393 rebus

293 1427 505 1465 AEternum
525 1425 721 1477 spondere
740 1423 874 1464 ferunt
893 1437 963 1477 per
986 1425 1129 1465 saecula
1153 1436 1330 1465 nomen:

292 1499 364 1536 Ast
383 1508 453 1548 ego
470 1496 565 1549 qnid
588 1496 771 1536 credam?
795 1496 928 1536 Tacito
951 1508 1043 1536 cum
1066 1501 1223 1548 pectere
1242 1507 1401 1537 mecum

291 1568 475 1608 Historiae
494 1579 695 1608 summam
712 1568 872 1608 libranti
893 1573 1028 1608 mente
1048 1568 1232 1618 revolvo;

290 1641 491 1681 Bellorum
517 1652 655 1680 causas
674 1645 733 1679 tot
750 1644 888 1691 totque
910 1640 1070 1680 exordia
1092 1651 1229 1680 rerum

290 1712 408 1752 Miror
421 1726 430 1761 ;
458 1711 711 1763 Apollineum
731 1710 906 1751 frontem
926 1723 1136 1764 sacrasque
1157 1714 1366 1752 Ganioenas

289 1785 368 1823 Nec
392 1782 554 1835 liquisse
575 1794 663 1822 reor
683 1794 755 1822 nec
778 1783 896 1835 pleno
923 1795 1080 1824 currere
1105 1795 1260 1836 campo.

289 1856 389 1894 Nam
408 1859 467 1894 tot
484 1853 586 1894 facta
609 1854 757 1894 ducum
780 1855 940 1895 Gradivi
960 1861 1064 1895 sorte
1089 1855 1303 1895 cadentum

291 1929 363 1967 Pro
388 1927 515 1979 patria
533 1931 571 1966 et
591 1926 695 1966 dulci
715 1938 785 1978 pro
806 1926 989 1967 libertate
1008 1927 1158 1967 tuenda

289 1999 484 2049 Scribere,
503 2000 705 2039 Romanos
722 1999 950 2051 totiensque
969 2011 1173 2039 occurrere
1190 1999 1294 2039 bello

288 2072 473 2111 Vincenti
492 2071 638 2124 Libyae,
660 2072 886 2124 totiensque
907 2084 1114 2125 resurgere
1133 2072 1275 2123 victos,

288 2145 392 2183 Tum
415 2145 564 2195 majore
594 2155 731 2193 manu,
757 2148 843 2183 tum
865 2144 947 2183 Diis
967 2144 1215 2194 melioribus,
1242 2144 1367 2184 altum

287 2216 537 2268 Materiaeque
561 2216 734 2268 ingentis
755 2228 854 2268 epus
873 2216 961 2268 quis
982 2217 1123 2266 nescit,
1145 2221 1184 2256 et
1200 2228 1363 2257 omnem

286 2287 492 2328 Scribendi
512 2288 681 2328 transire
702 2289 899 2329 modum?
916 2289 1004 2328 Tibi
1023 2301 1116 2328 nam
1138 2289 1229 2329 licet
1248 2289 1327 2329 cris

285 2358 344 2398 Sit
366 2359 460 2399 satis
478 2365 516 2399 et
535 2364 675 2400 vatum
694 2360 824 2412 possis
846 2372 1033 2413 superare
1054 2361 1232 2401 canendo

285 2429 452 2481 Plectra,
476 2443 638 2472 necesse
657 2436 809 2482 tamen,
831 2432 1035 2473 moderato
1055 2432 1150 2483 fine,
1177 2432 1366 2474 volumen

1525 573 1576 611 30

1514 2363 1564 2401 55
