1865 2959
826 283 869 291 —
896 261 1038 300 292-

285 350 348 391 Sic
372 348 480 390 ferus
504 353 543 390 et
569 348 691 389 simili
707 348 926 402 prosternit
945 347 1107 389 turbine
1131 351 1275 389 cuncta

281 422 412 475 Scipio
432 433 536 475 saepe
555 433 755 462 monens:
787 435 805 458 «
824 421 938 462 Miles
956 422 1152 472 Romane,
1174 431 1314 474 precor
1330 425 1384 471 te,

281 494 485 535 Autvince
496 498 564 534 aut
584 505 755 544 morere,
777 498 817 534 et
835 505 997 534 mecum
1016 504 1124 534 nunc
1142 493 1284 534 ultima
1300 498 1425 534 tenta.
1455 494 1563 534 1065

280 567 372 607 Haec
391 566 456 606 via
471 566 534 607 vel
554 567 724 607 Romam
745 566 808 607 vel
827 571 934 607 recto
956 565 1116 607 tramite
1132 565 1241 606 ducit

280 638 343 680 Ad
362 640 550 692 Superos.
573 654 590 676 n
617 640 709 679 Haec
725 638 949 679 vociferans
970 636 1146 679 intrabat
1164 637 1207 677 in
1231 648 1376 690 agmen

279 710 531 752 Hannibalis.
554 713 700 752 Contra
719 699 786 752 ille
804 709 915 763 gravi
936 721 1027 751 cum
1043 709 1149 750 mole
1162 713 1350 750 ruentem

276 783 432 836 Excipit
452 783 681 837 impavidus
700 797 708 823 :
730 783 952 836 confligunt
968 781 1139 823 fulmina
1158 782 1293 824 Martis

276 854 378 895 Hinc
389 855 535 908 Scipio,
545 854 640 896 hinc
652 854 868 903 Hannibal,
879 866 1130 907 cernensque
1142 865 1190 895 ex
1201 853 1350 895 aethere
1361 854 1518 895 Mavors
1530 854 1633 893 1070

274 928 440 969 Miratur
458 927 558 969 tales
573 928 691 969 terris
713 939 925 981 superesse
945 927 1160 980 magistros

272 999 436 1050 Militari,
454 999 554 1041 tales
567 1011 740 1053 operum
757 1000 933 1054 ferrique
950 1000 1179 1053 magistros.

272 1071 345 1112 Hic
367 1083 506 1125 precor
523 1077 569 1113 ut
587 1072 764 1113 mendax
787 1073 955 1114 desistat
974 1072 1124 1114 Graecia
1149 1071 1316 1112 tandem

271 1144 512 1186 Nominibus
533 1149 683 1186 certare
705 1145 874 1194 ducum,
894 1145 1124 1198 pudeatque
1141 1143 1290 1184 referre

270 1217 455 1258 Imbelles
479 1218 585 1259 Asiae
603 1217 774 1271 populos
795 1219 1057 1271 Gangemque
1080 1216 1320 1265 subactum3
1451 1217 1555 1255 1075

269 1289 508 1330 Parthorum
532 1290 675 1331 sileant
690 1302 803 1344 reges
823 1295 862 1331 et
883 1290 1057 1331 Persidis
1077 1290 1183 1330 arvis

268 1361 420 1415 Exiguo
436 1367 612 1415 spectata
629 1362 824 1415 phalanx,
846 1374 921 1403 nec
940 1367 1124 1404 conserat
1143 1363 1230 1416 ipsa

266 1435 386 1487 TroJ'a
409 1446 592 1486 manum,
616 1435 845 1489 Priamique
865 1435 1010 1476 domus
1030 1439 1187 1476 cantata
1209 1433 1338 1486 poetis

266 1506 477 1547 Graiorum
494 1512 533 1548 et
552 1508 719 1559 nostris,
740 1520 823 1549 non
844 1520 985 1560 regum
1006 1507 1190 1561 quisquis
1214 1507 1336 1548 odoro

264 1579 382 1620 Crine
402 1579 532 1620 fluens
557 1584 677 1634 atque
698 1580 863 1634 Assyrio
885 1580 1083 1632 crispatus
1104 1579 1267 1619 amictu.
1447 1578 1551 1617 1080

261 1651 331 1691 His
350 1652 501 1705 campis
522 1664 605 1693 non
628 1653 749 1694 nudae
771 1653 890 1704 acies,
915 1665 998 1693 non
1015 1652 1123 1692 fluxa
1148 1663 1216 1704 per
1236 1662 1370 1691 armos

261 1726 456 1777 Purpura,
477 1737 561 1765 non
587 1725 746 1766 levibus
768 1731 928 1766 tanturn
952 1724 1103 1766 confisa
1125 1723 1280 1776 sagittis

258 1796 392 1837 Turba
411 1796 549 1850 fugax,
571 1809 716 1838 verum
742 1797 838 1838 hinc
856 1797 980 1838 armis
997 1797 1138 1837 innata
1156 1795 1306 1837 virenti

259 1869 415 1910 Robore
435 1869 660 1911 subsistens
681 1870 777 1911 Italo
794 1872 977 1911 Romana
993 1872 1189 1923 juventus

256 1943 380 1982 Arma
397 1941 488 1982 tulit
508 1947 647 1983 contra
665 1942 842 1983 assiduis
863 1942 1037 1984 exercita
1051 1941 1169 1982 bellis
1439 1942 1544 1981 1085

254 2013 427 2066 Agmina
442 2016 674 2066 Poenorum,
694 2015 841 2068 quibus
863 2020 924 2056 est
944 2014 1140 2067 Hispania
1157 2013 1275 2054 testis

256 2086 425 2127 Virtutis
442 2087 683 2140 Latiumque
703 2088 847 2140 magis,
871 2099 961 2141 quae
986 2087 1095 2128 mille
1117 2098 1189 2139 per
1209 2096 1303 2127 arva

254 2158 457 2200 Romanos
476 2159 692 2201 hominum
713 2159 886 2202 victores
907 2160 1125 2213 omniaque
1144 2170 1264 2200 ausos

297 2336 397 2368 1066.
421 2335 516 2370 Certo
537 2347 594 2377 pro
616 2340 702 2369 recto
723 2337 757 2369 in
779 2346 839 2369 ms.
863 2338 898 2369 E.

295 2394 394 2425 1068.
417 2393 580 2426 Hannibal
599 2395 629 2425 iu
651 2396 705 2427 ed.
729 2395 817 2433 Bas„
844 2392 1037 2426 Hannibalis
1056 2392 1090 2423 in
1109 2401 1171 2424 ms.
1193 2393 1230 2431 Α,
1252 2392 1289 2430 Β,
1309 2392 1344 2430 C,
1362 2392 1402 2429 D,
1420 2390 1454 2423 F.

292 2452 391 2482 1070.
414 2451 512 2483 Hiew.
535 2452 588 2483 liic
608 2452 640 2483 iu
661 2453 717 2484 etl.
735 2453 824 2490 Bas„
847 2451 966 2483 hinc...
990 2450 1066 2481 hinc
1089 2450 1120 2480 in
1140 2450 1293 2481 omnibus
1315 2459 1375 2480 ms.

294 2509 392 2539 1076.
415 2508 553 2550 Persidis
574 2509 605 2540 in
628 2511 680 2541 ed.
705 2510 794 2547 Bas„
815 2508 960 2541 Persidis
979 2507 1012 2538 in
1035 2516 1098 2538 ms.
1118 2509 1142 2539 A
1161 2507 1289 2549 (corin),
1318 2507 1355 2545 B,
1380 2506 1414 2544 C,
1436 2507 1474 2545 D,
1498 2506 1530 2536 E.

293 2566 393 2597 1079.
415 2565 524 2598 Adoro
542 2566 574 2597 in
597 2568 650 2599 ed.
675 2567 764 2605 Bas„
786 2566 888 2598 odoro
908 2565 942 2598 in
963 2564 1116 2597 omnibus
1137 2573 1198 2596 ms.
