1865 2959
783 214 992 250 -207-

249 302 304 342 Te
328 300 443 341 latuit
463 304 626 349 nostrae,
648 298 767 339 facies
787 311 861 338 nec
882 296 1076 349 Gorgonis
1091 296 1277 343 horrens,

249 376 328 414 Nec
347 385 435 425 quae
454 370 656 412 fatiferum
682 371 823 423 laqueo
844 370 1046 422 pendente
1067 374 1201 408 secuta
1226 373 1286 408 est
1447 368 1525 407 660

250 444 465 485 Laodomia
488 443 636 491 virum,
656 454 730 482 nec
747 447 785 482 te
805 440 1074 493 pulcherrima
1094 439 1262 488 Procris,

251 518 328 556 Nec
341 518 539 555 Teucrum
566 513 704 566 pestis,
726 513 951 564 Minoisque
970 511 1092 551 altera
1110 510 1257 562 proles,

249 587 383 628 Altera
401 598 494 627 nam
518 586 663 626 coelum
681 585 811 625 16111111
832 583 1015 624 stellante
1035 594 1202 631 corona;

249 659 325 700 Sed
345 659 408 699 cui
426 663 563 699 tantus
583 657 728 705 honos,
752 655 814 696 cui
833 659 954 695 tanlae
980 654 1104 706 gloria
1122 652 1276 701 formae,

248 731 376 772 Crude
397 742 534 780 senex,
556 729 656 769 mihi
675 729 805 777 crode,
830 739 966 780 parem
988 737 1068 765 non
1093 725 1171 764 ulla
1193 723 1390 764 videbunt
1446 725 1525 763 6615>

249 802 414 852 Saecula,
442 813 517 842 nec
536 813 670 841 rerum
692 799 890 840 laudatrix
910 809 1055 850 magna
1076 808 1239 837 suarum

250 875 361 914 AEtas
382 873 510 925 prima
531 872 637 912 tulit.
659 872 754 911 Visa
775 877 938 922 tangere
954 871 1138 921 ι1111161113,

249 945 433 995 Ardebis,
456 944 556 984 mihi
577 943 707 993 crede,
730 954 877 991 senex3
904 953 969 981 1116
990 940 1155 980 forsitan
1175 939 1263 979 illac

250 1017 439 1069 Conjugis
457 1015 642 1055 infaustae
663 1014 828 1066 vestigia
850 1025 937 1053 cara
957 1016 1193 1064 sequentem

248 1089 417 1128 Tardius
436 1087 606 1139 excipies
626 1086 801 1135 veniam,
825 1097 898 1125 nec
916 1090 1095 1136 tempore
1115 1082 1241 1122 multo
1450 1084 1528 1121 670

251 1160 322 1200 Hic
343 1159 443 1200 1111111
462 1171 592 1199 carcer
613 1159 701 1207 6111,
721 1157 838 1210 proh,
865 1157 896 1196 si
916 1156 1178 1208 prohibemur
1198 1154 1320 1201 adire,

252 1234 548 1284 Corporeosque
570 1231 717 1271 iterum
735 1230 794 1270 vis
814 1234 872 1270 est
891 1240 1068 1268 remeare
1097 1227 1171 1267 sub
1193 1231 1316 1266 artus.

252 1304 477 1344 Occidimus
491 1317 500 1352 3
524 1308 566 1342 tu
592 1314 723 1354 parce,
748 1313 885 1351 senex,
913 1305 1029 1352 atque
1049 1299 1195 1338 arbiter
1215 1309 1353 1350 aequus

255 1380 344 1429 igne
362 1376 445 1428 pari
463 1376 634 1427 flagrans
650 1373 897 1426 juvenilibus
919 1383 1052 1412 annue
1072 1370 1263 1411 flaminis.

251 1448 418 1488 Cerbere
440 1448 472 1487 si
490 1446 617 1499 potuit
638 1452 748 1486 vates
765 1445 1022 1496 Rhodopeius
1046 1444 1147 1483 iram
1451 1442 1528 1479 676

252 1522 447 1571 Frangere
464 1530 559 1558 voce
577 1518 686 1570 lyrae,
710 1516 828 1557 facies
847 1527 955 1555 nunc
977 1514 1157 1567 conjugis
1177 1514 1254 1553 ista

251 1592 352 1641 Quid
374 1591 518 1643 poterit
537 1594 749 1642 conspecta
766 1588 837 1628 tibi
861 1593 1151 1640 conspectaque
1172 1586 1254 1637 regi

252 1666 438 1703 Tartareo
453 1663 472 1702 ἱ)
495 1663 644 1702 Vereor
663 1673 715 1701 ne
733 1666 893 1700 nostros
913 1664 1051 1712 captus
1068 1670 1225 1698 amores

252 1736 410 1785 Tentet,
432 1740 470 1775 et
492 1746 655 1774 annosae
674 1733 827 1782 redeas,
850 1731 1103 1784 Proserpina,
1126 1730 1259 1770 matri.

254 1808 418 1848 Somnia
438 1812 531 1847 sunt
550 1818 639 1859 quae
662 1805 779 1858 fingis
800 1817 956 1854 amans,
981 1809 1018 1844 61
1039 1803 1186 1843 falleris
1206 1813 1361 1850 amens,
1454 1801 1532 1839 680

253 1879 500 1928 Massinissa,
527 1878 595 1918 diu
614 1878 707 1918 felix
732 1877 763 1917 si
786 1883 871 1917 rata
891 1876 1062 1916 fuissent

253 1952 418 1991 Munera
437 1950 630 2000 fortunae;
654 1950 772 1989 niodo
799 1949 869 1989 sed
889 1947 1147 1988 moestissime
1170 1957 1325 1998 regum,

256 2025 361 2062 Pone
380 2022 545 2062 modum
564 2021 768 2073 lacrymis,
790 2025 1020 2071 metamque
1040 2019 1202 2070 impone
1224 2016 1412 2070 querelis.

256 2094 376 2135 Dulce
396 2105 532 2134 meum
552 2094 686 2143 decus,
710 2098 828 2145 atque
845 2092 989 2132 animae
1007 2103 1098 2144 pars
1119 2090 1241 2131 altera
1261 2094 1424 2139 nostrae,

304 2263 379 2294 664.
403 2260 510 2294 Famoe
528 2262 561 2293 in
579 2263 631 2293 ed.
650 2262 740 2300 Bas.⁷
761 2260 873 2301 formoe
895 2261 928 2292 in
951 2269 1012 2291 mS.
1037 2261 1061 2291 A
1086 2259 1198 2301 (lectio
1227 2257 1414 2300 emendata)
1444 2260 1475 2290 et
1501 2257 1531 2288 in

259 2320 411 2351 omnibus
432 2319 514 2350 aliis.

303 2378 378 2407 665.
403 2376 519 2408 Parem
540 2376 572 2407 in
590 2377 641 2407 611.
662 2376 746 2413 Bas,
765 2385 878 2417 parem
894 2384 958 2407 non
979 2375 1011 2406 in
1033 2375 1185 2406 omnihus
1205 2383 1264 2405 ms.

303 2433 378 2464 676.
402 2432 497 2465 Facie
517 2432 549 2464 iu
571 2433 625 2464 ed.
646 2433 734 2471 Bas„
754 2432 852 2472 facies
873 2432 902 2463 in
922 2432 1075 2463 omnibus
1094 2441 1155 2463 ms.

304 2491 379 2521 677.
402 2489 529 2522 Poteris
546 2490 580 2520 in
601 2489 652 2520 ed.
672 2489 761 2526 Bas„
780 2490 899 2530 polerit
921 2489 954 2519 in
974 2489 1124 2520 omuibus
1146 2498 1206 2520 nis.
