1865 2959
870 261 916 268 —
941 242 1010 277 :318
1036 261 1080 268 —

334 328 419 367 Nox
438 325 583 366 coelum
603 325 816 366 tenebrosa
836 326 932 378 tegit
949 340 957 374 ;
982 330 1069 365 tum
1091 325 1247 377 fulgura
1267 326 1417 367 circum

333 401 445 439 Szcva

469 398 633 447 micant,
660 403 743 438 toto
768 398 1022 438 descendunt
1041 397 1212 439 fulmina
1232 399 1347 439 coelo.

334 472 488 523 AEquor
507 471 586 522 agit
614 475 774 510 montes
799 475 837 509 et
859 475 1014 510 torrens
1044 470 1153 510 unda
1176 470 1378 522 nigrescit.

336 542 525 582 Claudius
547 542 732 594 ancipitis
753 546 959 594 permotus
986 542 1158 594 imagine
1178 541 1248 582 fati
1546 546 1622 584 520

338 614 508 666 Diriguit
529 614 775 666 tremuitque
796 619 922 660 metu,
945 625 1054 653 nunc
1072 613 1255 666 improba
1274 615 1439 655 damnat

338 688 439 727 Vota

335 758 445 798 Poeni

466 699 547 727 sua:
571 686 735 736 mentis,
758 691 973 738 tantosque
995 691 1154 738 optasse
1173 686 1329 727 labores

450 763 503 799 tet
523 772 530 797 :
565 770 768 798 armorum
791 757 928 798 mallet
951 758 1100 798 vitasse
1119 759 1319 799 tumultus

337 831 671 883 Magnanimoque
696 831 816 871 decus
841 830 1049 883 proprium
1069 831 1288 884 titulosque
1311 832 1474 873 decoros

335 903 543 955 Scipiadae,
565 908 603 943 et
623 903 716 943 belli
736 902 886 942 famam
911 902 1076 955 liquisse
1095 915 1333 955 perennem,
1543 907 1621 945 5⁶25

336 976 392 1014 Ac
410 975 608 1015 mansisse
629 974 737 1014 domi
760 980 799 1015 et
820 975 945 1027 patrio
961 975 1136 1027 jacuisse
1157 975 1353 1028 sepulcro.

336 1045 445 1086 Talia

464 1046 693 1087 volventem
720 1046 897 1086 Calabris
923 1059 971 1087 ex
993 1047 1200 1087 montibus
1222 1050 1353 1088 Eurus

337 1118 513 1158 Horrifer
532 1119 704 1171 impellit
721 1133 729 1158 :
747 1117 895 1159 fessam
916 1119 1137 1171 Populonia
1156 1119 1323 1160 classem

338 1189 471 1230 Prima
500 1190 622 1230 videt.
652 1191 765 1231 Saxis
792 1191 1003 1243 posthanc
1025 1191 1308 1244 spumantibus
1329 1191 1410 1233 Ilva

338 1262 447 1303 Corsi

452 1273 519 1312 ca3
548 1267 638 1315 post
661 1263 834 1315 scopulis
857 1263 1142 1303 minitantibus
1166 1263 1311 1315 excipit
1336 1264 1429 1304 inde
1542 1267 1620 1305 530

337 1334 530 1375 Sardiniae
556 1336 748 1375 Arctoum
777 1334 882 1375 latus
903 1335 1048 1387 attigit.
1082 1335 1177 1375 Inde
1201 1334 1390 1376 frementi

339 1405 447 1446 Infeli

452 1419 476 1446 x
499 1407 629 1459 agitur
652 1406 808 1459 pelago,
832 1412 871 1447 et
892 1412 1095 1447 crescente
1117 1407 1306 1459 procella,

338 1480 558 1531 Magnaque
577 1491 669 1531 pars
688 1479 826 1519 classis
844 1478 967 1519 fluctu
989 1485 1204 1531 superante
1221 1479 1409 1521 fatiscens

339 1553 382 1590 In
404 1551 549 1591 mediis
568 1551 749 1592 subsedit
767 1551 881 1604 aquis
898 1566 906 1590 :
926 1564 1015 1604 pars
1034 1552 1216 1592 cautibus
1235 1553 1330 1593 atris

338 1622 534 1673 Dissiluit,
559 1623 752 1676 durisque
774 1623 896 1663 allisit
918 1623 1059 1675 frigida
1080 1624 1186 1664 saxis
1548 1626 1624 1666 535

337 1696 507 1747 Corpora
529 1701 768 1745 nautarum3
792 1707 885 1747 pars
904 1695 1067 1736 turbine
1082 1698 1189 1748 jacta
1214 1701 1434 1737 retrorsum

339 1766 466 1806 Littus
487 1767 534 1806 ad
555 1769 771 1808 Etruscum
797 1768 929 1818 rediit,
954 1767 1095 1808 solatia
1113 1768 1220 1808 busti

342 1838 475 1878 Italica
494 1838 636 1879 tellure
652 1845 808 1892 petens.
835 1839 1091 1880 AtClaudius
1110 1852 1250 1880 amens

339 1913 388 1950 Et
406 1923 540 1963 pauore
559 1917 688 1952 morte.
708 1924 756 1952 ex
775 1912 909 1952 media
931 1911 1183 1964 rapientibus
1206 1912 1327 1952 undis

342 1983 415 2022 Vix
438 1983 607 2025 Calarim
629 1984 796 2036 tetigere
817 1989 940 2034 rates,
963 1984 1059 2024 hinc
1080 1983 1203 2025 classe
1229 1984 1416 2025 novanda
1545 1985 1622 2024 540

386 2129 447 2160 517

386 2187 447 2217 518

386 2244 447 2273 5Ξο

387 2300 449 2331 526

387 2358 447 2386 533

342 2413 437 2444 nibus

388 2472 449 2501 537

454 2152 462 2160 .
480 2127 562 2162 Cum
584 2129 614 2160 in
636 2130 688 2161 cd.
707 2129 795 2168 Eas„
817 2132 888 2161 tum
909 2129 940 2161 in
959 2129 1110 2162 omnibus
1130 2139 1192 2163 ms.

454 2211 461 2217 .
483 2186 581 2218 Micat
601 2187 633 2218 in
655 2188 707 2218 ed.
728 2188 816 2225 Bas„
834 2188 956 2218 micant
975 2187 1008 2218 in
1023 2188 1174 2219 omnibus
1195 2197 1256 2219 ms.

455 2268 460 2273 .
483 2242 575 2275 Facti
595 2244 627 2275 in
650 2245 703 2278 ed.
723 2244 812 2281 Bas„
834 2243 896 2284 suti
917 2244 949 2275 in
969 2244 1119 2276 omnibus
1138 2254 1200 2276 ms.

456 2324 463 2330 .
482 2300 603 2332 Patria?
623 2300 654 2331 in
675 2302 727 2333 ed.
752 2301 839 2338 Bas„
859 2301 969 2342 patrio
991 2301 1024 2332 111
1045 2311 1104 2332 nis.
1127 2303 1166 2340 Α,
1187 2302 1222 2340 Ε,
1241 2303 1276 2333 F.

455 2380 462 2387 .
480 2356 643 2399 Maqna...
663 2358 785 2398 fatiscit
812 2357 844 2388 in
865 2359 918 2389 ed.
942 2359 1030 2396 Bas„
1051 2367 1276 2399 maynaque...
1304 2356 1457 2398 fatiscens
1489 2357 1522 2388 in
1551 2367 1621 2389 om-

455 2424 517 2446 ms.

456 2495 463 2501 .
487 2471 604 2504 Reddit
625 2471 656 2503 in
678 2473 729 2503 ed.
752 2473 840 2509 Bas„
859 2471 956 2503 redii!
978 2472 1009 2503 111
1036 2482 1097 2503 ms.
1119 2474 1157 2511 Α,
1179 2472 1216 2511 Β,
1238 2473 1272 2511 C,
1293 2473 1330 2510 D,
1354 2472 1387 2503 F.

392 2529 464 2558 540.
490 2528 547 2560 Hic
568 2528 599 2560 111
617 2529 670 2560 ed.
692 2530 782 2568 Bas„
803 2529 877 2560 hinc
896 2529 926 2559 in
947 2529 1100 2560 omnibus
1117 2539 1179 2561 ms.
