1865 2959
826 292 1036 327 *394-

601 380 635 409 et
662 377 736 409 ideo
769 378 926 415 tollatur,
958 379 1015 409 sed
1043 378 1150 415 sorte.
1180 378 1257 418 quia
1288 377 1396 409 delicit
1427 379 1506 409 alter
1542 378 1574 409 in

599 433 763 475 originali.

560 492 643 529 Etc„
665 493 727 522 etc.

344 592 403 630 Ex
428 589 492 629 his
523 587 712 628 omnibus
746 588 839 628 talia
871 590 1094 640 conjectare
1114 587 1205 629 licet
1227 602 1236 627 :
1261 588 1358 628 dum
1392 588 1575 628 Francis-

291 661 401 702 colus
428 659 712 700 bibliothecam
747 660 871 700 soceri
904 660 966 699 sui
1003 664 1263 709 scrutaretur,
1296 658 1496 700 defectum
1527 659 1575 699 ab

290 733 416 774 amico
436 732 659 772 indicatum
677 731 998 783 revisurus‚jan1
1024 743 1138 771 suam
1166 731 1385 771 editionem
1403 730 1576 771 festinus

291 804 531 845 moliebatur
563 804 750 856 notisque
780 802 933 856 passim
959 808 998 842 et
1027 803 1276 855 argumentis
1304 802 1577 854 distinguebat

290 877 499 918 Collutius.
535 878 764 928 Antequam
799 880 933 916 autem
971 887 1072 928 opus
1111 873 1358 927 perfecisset,
1394 873 1577 914 funditus

292 949 482 989 occidisse
518 947 705 1001 quaesitos
743 959 882 987 versus
915 947 1136 999 cognovit3
1172 946 1389 998 statimque
1425 957 1575 985 novum

294 1021 498 1073 exemplar
522 1032 544 1061 a
570 1018 861 1059 Bartholomaeo
882 1019 931 1059 de
952 1021 1096 1059 Sancto
1118 1018 1357 1059 Geminiano
1379 1018 1578 1070 conscrip-

294 1099 381 1134 tum
400 1093 576 1145 reliquit,
601 1092 846 1132 servandum
876 1091 1143 1131 nihilomiuus
1171 1096 1209 1131 et
1241 1091 1289 1130 ab
1320 1090 1406 1130 aliis
1431 1095 1579 1130 notan-

294 1167 407 1207 dum.
432 1166 551 1206 Periit
577 1165 697 1205 etiam
717 1164 793 1204 hoc
813 1164 920 1204 aliud
941 1176 963 1204 a
984 1164 1068 1204 Nic.
1098 1163 1245 1204 Niccoli
1269 1168 1387 1204 antea
1407 1162 1576 1204 Collutio

295 1239 475 1288 allatum,
492 1238 575 1278 imo
597 1237 773 1278 maxime
793 1236 1054 1289 idiographus
1074 1235 1298 1276 Petrarchae
1318 1235 1431 1275 liber.
1452 1236 1578 1283 Quem

296 1311 509 1351 verisimile
539 1315 599 1350 est
632 1309 653 1350 a
686 1308 939 1350 Franciscolo
969 1308 1144 1349 flammis
1176 1313 1314 1361 postea
1338 1319 1424 1348 esse
1455 1307 1578 1347 tradi-

294 1389 397 1432 tum,
420 1383 473 1423 ita
490 1387 534 1422 ut
556 1382 676 1422 simul
694 1381 998 1422 exsolverentur
1022 1380 1123 1421 vatis
1143 1380 1290 1420 mortui
1306 1385 1344 1420 et
1360 1380 1577 1420 amicorum

295 1457 384 1507 ejtis
399 1454 744 1494 disconvenientia
758 1458 863 1492 vota.
887 1452 1001 1493 Haud
1020 1452 1141 1504 igitur
1162 1457 1345 1504 superest
1360 1451 1477 1502 alius,
1497 1463 1577 1504 quo

296 1526 542 1579 autographo
566 1532 742 1575 utamur,
765 1537 887 1578 quam
912 1525 1037 1565 codex
1058 1526 1106 1564 A.

350 1601 444 1640 Con.
478 1601 519 1639 B.
551 1598 665 1647 (Bibl.
701 1600 890 1638 Laurent.
922 1597 1043 1648 Flor.)
1075 1597 1208 1637 Codex
1240 1595 1472 1636 chartaceus
1498 1608 1576 1636 ins.

296 1673 399 1712 in-40
432 1683 520 1711 saec.
553 1683 636 1711 xiv.
663 1671 829 1709 Constat
865 1669 966 1708 foliis
1008 1668 1165 1720 scriptis
1200 1680 1308 1708 XCIX.
1351 1667 1574 1708 Baudinius

296 1744 485 1796 (Catalog.
511 1743 668 1783 Bibliot.
695 1743 902 1792 Laurent.)
920 1745 1033 1792 putat
1050 1740 1159 1780 hunc
1175 1740 1352 1780 codicem
1371 1744 1579 1779 exaratum

299 1828 421 1856 manu
455 1815 587 1855 fratris
620 1814 815 1854 Thedaldi
855 1813 960 1853 della
993 1815 1105 1863 Casa,
1132 1813 1198 1865 qui
1222 1814 1305 1864 jani
1333 1812 1579 1852 recensendo

298 1888 422 1928 codici
451 1890 481 1928 A
516 1898 676 1939 operam
700 1886 967 1938 impenderat.
992 1887 1035 1925 111
1064 1884 1191 1937 primo
1213 1883 1306 1923 folio
1331 1883 1577 1935 adscriptum

298 1965 357 1999 cst
382 1973 390 1998 :
420 1959 492 1998 Iste
514 1958 608 1997 liber·
630 1958 708 2011 suit
725 1957 777 1996 acl
797 1970 902 1996 usum
924 1957 1066 2009 fratris
1096 1955 1313 1996 Sebastiam·
1341 1955 1386 1994 de
1417 1954 1582 1993 Bacenis

298 2032 512 2082 assignatus
542 2031 715 2068 armario
745 2035 948 2068 conventus
982 2029 1167 2067 Fratrum
1201 2027 1397 2066 almorum
1427 2026 1471 2065 de
1492 2026 1580 2065 Flo-

299 2103 439 2143 remia.
471 2103 543 2152 Qui
576 2101 714 2142 multis
746 2101 985 2141 lectionibus
1018 2100 1152 2140 codice
1184 2102 1217 2140 A
1255 2099 1466 2151 discrepat,
1499 2098 1579 2150 ple-

301 2176 433 2227 risque
459 2174 680 2223 mendosis,
708 2186 795 2226 quaa
824 2173 865 2212 in
893 2172 1095 2213 codicibus
1117 2174 1144 2212 C
1166 2177 1203 2212 et
1222 2174 1252 2211 D
1281 2170 1579 2210 exscribuntur.

302 2247 460 2297 Omnia,
485 2252 527 2286 ut
547 2247 588 2286 in
610 2246 762 2286 caeteris
783 2244 1062 2297 sequentibus,
1087 2244 1233 2284 desunt
1256 2248 1506 2295 argumenta.

355 2320 450 2359 Con.
479 2320 522 2359 C.
551 2317 668 2368 (Bibl.
700 2319 888 2357 Laurent.
923 2316 1046 2366 Flor.)
1079 2315 1211 2356 Codex
1239 2314 1469 2355 chartaceus
1503 2325 1579 2353 ms.

301 2390 455 2431 in-t'olio
495 2390 636 2442 majori
681 2389 824 2429 saeculo
862 2401 933 2428 xlv
969 2387 1171 2439 grandiori
1206 2386 1338 2426 littera
1378 2390 1577 2425 exaratus,

303 2465 467 2504 Constat
504 2462 608 2502 foliis
645 2473 815 2502 Lxxvin.
863 2461 991 2510 Quem
1027 2459 1243 2500 verisimile
1279 2463 1340 2499 est
1373 2470 1394 2498 e
1432 2457 1520 2497 cod.
1555 2458 1582 2496 Β

303 2536 605 2587 transcriptum.
