1865 2959
761 212 804 218 -.
833 194 871 227 11
906 212 945 218 .-

221 284 399 336 tamque
430 277 563 320 simul
596 289 698 319 oum
736 275 870 319 fratre
916 276 1155 326 amissam,
1192 290 1337 333 neque
1381 276 1491 320 illud

218 356 381 399 omittit
413 354 569 397 ambos
596 352 893 397 concordibus
922 352 1083 396 animis
1107 366 1285 411 semper
1311 353 1492 411 junctos

219 446 383 477 x'ixisse
412 448 420 475 :

336 559 412 593 Una
431 557 578 602 domus,
598 556 788 602 victusque
805 555 904 590 idem
917 582 928 600 ,
948 565 1053 589 mens
1070 565 1147 589 una
1165 553 1324 600 duobus,

341 620 384 654 Et
403 628 502 652 mors
521 627 597 651 una
616 615 687 650 fuit
698 629 707 659 3
730 616 831 650 locus
849 615 949 650 idern
966 625 1121 660 corpora
1142 616 1273 649 servat.

278 752 515 806 Postquam
551 748 620 790 his
650 746 797 791 verbis
822 747 896 789 ille
917 746 1011 797 filii,
1040 751 1211 803 patrem
1240 750 1392 803 utpote
1421 746 1488 788 ui-

221 827 317 873 turi,
340 826 546 869 ardorem
572 824 787 876 accendit,
816 824 871 867 de
892 824 982 867 vita
1000 823 1164 874 futura,
1189 823 1314 880 quasi
1342 822 1489 880 philo-

217 904 387 962 sophia}
420 903 639 950 addictus,
679 901 872 954 disserit,
907 906 951 944 et
981 915 1034 945 ex
1077 900 1232 944 ordine
1271 904 1492 944 monstrat

216 981 405 1025 recentis
443 981 547 1023 belli
578 979 713 1023 duces
745 979 820 1036 qui
856 992 1008 1022 seeum
1034 978 1166 1022 istam
1189 977 1491 1021 coelicolarum

216 1059 353 1102 vitam
375 1058 464 1101 sint
493 1057 640 1115 adepti
659 1073 666 1099 :
689 1056 946 1099 Marcellum
968 1055 1133 1099 seilicet
1151 1091 1160 1106 ,
1190 1056 1236 1098 P.
1261 1054 1491 1097 AEmilium

218 1140 261 1181 et
286 1136 470 1180 Fabium
496 1135 738 1178 Maximum
760 1148 770 1187 ;
794 1133 986 1191 denique
1010 1133 1229 1191 flagitanti
1261 1136 1365 1176 nato
1397 1145 1488 1175 mge-

218 1215 354 1258 lestes
391 1212 545 1272 pandit
579 1213 812 1271 regiones,
850 1211 925 1254 ubi
955 1214 1120 1255 aeterna
1157 1210 1318 1254 fruitur
1352 1209 1492 1268 gloria

218 1305 376 1349 regum
414 1290 668 1347 ducumque
710 1291 1014 1333 Romanorum
1041 1288 1171 1333 acies.
1211 1289 1343 1346 Cujus
1388 1290 1491 1331 ante

219 1368 371 1412 oeulos
400 1367 709 1426 producuntur
732 1367 861 1424 primi
900 1369 1073 1424 septem
1107 1365 1234 1409 Urbis
1267 1378 1409 1423 reges,
1448 1368 1491 1408 et

217 1447 279 1490 illi
307 1450 395 1490 tres
423 1445 589 1489 Horatii
615 1444 689 1502 qui
712 1444 930 1502 sanguine
959 1447 1035 1487 aut
1057 1443 1221 1487 virtute
1249 1442 1373 1486 Albae
1399 1443 1490 1485 rui—

217 1537 320 1567 nam
356 1525 741 1582 perpetraverunt,
787 1521 952 1579 singuli
1000 1521 1166 1564 scilieet
1207 1534 1261 1564 ex
1304 1520 1492 1578 propriis

219 1602 357 1660 gestis
376 1615 400 1644 a
417 1603 462 1644 P.
485 1600 688 1658 Scipione
710 1599 946 1657 designati.

278 1680 326 1722 Π.
341 1678 609 1722 —Similiter
626 1678 671 1720 in
687 1676 885 1721 seeundo
911 1676 1024 1720 libro
1049 1676 1168 1719 haud
1190 1676 1335 1734 agitur
1356 1688 1425 1720 res
1446 1675 1490 1718 in

220 1757 362 1808 terris,
385 1760 429 1800 et
446 1756 610 1799 somnii
627 1755 790 1798 auxilio
811 1754 927 1797 inter
944 1758 1117 1811 patrem
1139 1757 1181 1797 et
1203 1754 1346 1796 filium
1360 1753 1493 1796 eollo-

221 1835 375 1893 quium
396 1833 667 1892 perducitur.
694 1834 828 1876 Porro
849 1832 998 1875 animo
1020 1832 1170 1875 futura
1198 1831 1383 1889 percipit
1401 1830 1490 1874 sei-

221 1913 292 1970 pio
313 1948 323 1963 ,
358 1915 634 1968 venturaque
680 1914 880 1967 tempora
923 1910 1207 1952 nuntiantem
1240 1909 1491 1966 genitorem

220 1989 435 2033 sollicitus
468 1988 730 2046 compellat;
766 1987 877 2030 adeo
922 1986 1105 2044 quidem
1137 1987 1357 2030 incertum
1388 1985 1492 2029 belli

219 2067 388 2111 exitum
424 2065 744 2122 Annibalisque
766 2065 1000 2122 ingenium
1029 2063 1265 2107 formidat!
1293 2064 1491 2120 Longam

219 2145 369 2187 statim
392 2144 640 2187 orationem
664 2142 846 2186 Publius
863 2141 1106 2192 exorditur,
1121 2140 1341 2184 vaticiniis
1359 2139 1494 2183 simul

219 2225 262 2265 et
291 2220 679 2264 adhortationibus
712 2220 943 2271 refertam;
975 2232 1152 2276 semper
1190 2218 1244 2260 al]
1277 2217 1494 2260 Annibale

221 2298 472 2342 cavendum
493 2302 672 2349 monet:
710 2302 876 2341 certam
900 2302 1051 2341 tamen
1084 2297 1235 2340 Rornae
1264 2295 1494 2339 victoriam

224 2377 338 2420 ultro
376 2375 624 2420 denuntiat.
661 2377 845 2427 Postea,
883 2376 1031 2418 futura
1070 2374 1220 2417 omnia
1257 2373 1390 2430 longe
1425 2372 1492 2413 in—

222 2459 369 2506 tuens,
393 2454 582 2498 Poenum
612 2453 772 2497 ducem
798 2453 1018 2511 fugacem,
1046 2451 1177 2496 exilio
1206 2451 1487 2495 mulctatum,
