1865 2959
852 197 1059 233 —118—

315 287 389 327 Fas
410 284 500 335 erit,
526 288 565 324 et
578 286 769 336 poterunt
787 281 921 336 populi
944 287 1103 336 peccata
1122 283 1283 323 mereri.

315 356 490 398 Ulterius
507 354 678 396 transire
697 354 818 412 piget,
840 366 935 395 nam
957 359 1113 407 sceptra
1130 355 1330 408 decusque

315 428 474 482 Imperii
497 432 609 468 tanto
628 426 745 467 nobis
763 426 930 467 fundata
950 426 1086 468 labore
1512 430 1591 469 275

313 501 480 542 Externi
499 499 657 552 rapient
678 499 866 552 Hispana}
887 499 1016 552 gentis
1037 503 1076 539 et
1094 497 1214 539 Afrae.

315 573 412 623 Quis
432 572 532 613 ferat
550 571 623 612 has
647 571 862 612 hominum
886 571 1038 621 sordes,
1065 571 1272 624 nostrique
1291 572 1500 625 pudendas

314 644 531 698 Relliquias
551 643 670 696 gladii
691 642 846 696 fastigia
866 643 1061 696 prendere
1080 654 1215 683 rerum
1229 644 1248 683 ἵ)
1265 658 1283 681 »

312 716 497 770 Amplius
516 719 725 768 urgentem
743 716 934 767 quoniam
954 713 1109 755 frenare
1131 714 1311 755 dolorem

312 790 400 829 Non
420 791 591 840 poterat,
611 786 720 839 rupit
738 785 926 839 lacrymis
947 790 985 827 et
1005 797 1101 826 voce
1118 786 1351 839 loquentem
1375 801 1384 826 z
1512 790 1590 829 280

373 859 510 909 «Quid
531 858 739 909 miserum,
762 863 875 910 pater
894 857 1012 908 alme,
1038 856 1191 898 refers?
1209 860 1439 900 Tantumne
1458 858 1588 900 licebit

312 931 526 972 Fortunae?
551 930 667 976 Prius
690 930 733 970 in
756 930 911 983 Stygias
937 941 1127 970 conversa
1147 930 1313 983 paludes

311 1005 429 1044 Astra
448 1002 606 1053 cadent,
633 1002 746 1056 prius
773 1002 946 1043 aethereo
966 1006 1059 1042 trux
1079 1001 1227 1042 arbiter
1247 1002 1334 1043 Orci

311 1076 447 1116 Victor
469 1075 544 1116 erit
559 1075 672 1127 solio,
696 1075 862 1128 coelique
878 1075 1035 1116 tonabit
1053 1075 1101 1115 ab
1125 1086 1213 1115 arce

310 1148 456 1199 Africa,
478 1159 598 1202 quam
614 1150 751 1189 Romae
770 1147 910 1188 victrix
936 1160 1007 1188 sua
1024 1149 1116 1200 Jura
1136 1158 1336 1200 suumque
1512 1150 1590 1190 285

310 1222 464 1262 Nomen
482 1220 526 1260 in
543 1224 740 1261 aeternum
755 1219 898 1272 rapiat.
918 1234 935 1257 »
961 1221 1049 1259 Non
1063 1218 1182 1272 longa
1204 1218 1407 1260 dolentem

311 1295 457 1333 Passus
477 1292 531 1333 ait
552 1306 561 1332 ι
586 1307 603 1329 α
624 1294 802 1345 Depone,
823 1303 975 1344 precor,
992 1291 1270 1344 lacrymasque
1290 1296 1525 1346 metumque
1549 1307 1557 1332 :

310 1364 427 1404 Vivet
445 1364 575 1404 honos
599 1364 751 1414 Latius,
774 1375 1011 1416 semperque
1030 1363 1236 1403 vocabitur
1257 1375 1337 1404 uno

309 1436 480 1477 Nomine
500 1438 728 1477 Romanum
748 1435 963 1488 imperium
975 1449 984 1485 ;
1003 1435 1071 1476 sed
1088 1439 1217 1476 rector
1240 1435 1419 1476 habenas

310 1510 398 1550 Non
418 1521 577 1562 semper
592 1511 798 1550 Romanus
820 1513 922 1561 aget.
953 1508 1057 1557 Quin
1078 1508 1193 1561 Syria
1213 1508 1345 1549 mollis
1509 1511 1588 1550 290

309 1581 487 1634 Porriget
506 1581 592 1634 ipsa
612 1592 795 1631 manum,
817 1593 909 1621 mox
923 1580 1048 1621 Gallia
1068 1581 1181 1631 dura,
1203 1580 1430 1634 loquaxque

310 1653 473 1703 Graecia,
496 1657 534 1693 et
553 1652 755 1706 Illyricum
779 1653 943 1693 tandem
963 1652 1076 1693 cadet
1090 1652 1166 1692 ista
1183 1658 1358 1705 potestas

309 1727 324 1765 Ι
329 1737 354 1764 n
375 1727 543 1765 Boream
565 1738 572 1764 :
596 1725 650 1765 sic
665 1736 728 1765 res
743 1724 941 1765 humanas
960 1723 1038 1764 fata
1052 1724 1257 1764 rotabunt.

308 1799 424 1837 Forte
444 1797 517 1837 sub
539 1802 739 1837 extremos
760 1808 886 1837 annos
907 1797 1128 1849 mundique
1145 1797 1300 1837 ruentis

311 1868 518 1908 Interitum
540 1869 589 1909 ad
608 1868 788 1921 proprias
805 1868 918 1908 sedes
942 1867 1102 1908 fortuna
1121 1868 1280 1908 redibit.
1509 1871 1586 1909 295

309 1940 439 1981 Altius
458 1940 669 1981 incumbes
684 1944 803 1993 atque
818 1940 928 1980 urbis
948 1945 1087 1981 caetera
1107 1945 1253 1980 nostrze

308 2014 403 2054 Fata
416 2017 528 2066 petes
552 2026 560 2052 ε
584 2024 714 2053 unum
730 2011 807 2052 hoc
830 2012 878 2053 de
899 2012 1083 2064 pluribus
1101 2012 1166 2052 ille
1188 2023 1386 2064 supernus

352 2202 429 2232 282.
452 2200 611 2235 Convulsa
635 2201 669 2233 in
697 2201 750 2233 ed.
772 2201 846 2232 Bas.
876 2205 908 2233 et
937 2210 997 2232 ms.
1021 2201 1066 2239 B,
1095 2200 1116 2231 C
1133 2225 1141 2238 ‚
1164 2201 1207 2239 D,
1229 2200 1268 2236 E,
1292 2208 1443 2232 conversa
1463 2200 1494 2232 in
1524 2210 1583 2232 ms.

307 2262 346 2298 Α,
368 2260 402 2290 F.

351 2318 427 2347 293.
447 2315 610 2350 Romanas
636 2315 668 2347 in
690 2316 740 2347 ed.
764 2315 840 2346 Bas.
863 2319 896 2347 et
920 2324 980 2346 ms.
1008 2315 1049 2353 C,
1079 2316 1120 2352 D,
1156 2315 1195 2353 E,
1225 2314 1384 2346 humanas
1411 2315 1442 2346 in
1464 2324 1524 2346 ms.
1546 2317 1582 2353 Α,

307 2374 343 2411 Β,
366 2374 401 2404 F.

351 2431 426 2460 296.
449 2429 638 2461 Incumbens
655 2429 686 2461 in
708 2430 759 2461 ed.
780 2430 866 2467 Bas„
889 2428 1052 2460 incumbes
1072 2429 1104 2459 in
1127 2438 1186 2459 ms.
1215 2430 1251 2466 Α,
1274 2428 1308 2466 B,
1333 2428 1366 2467 C,
1389 2429 1425 2460 D.

352 2487 426 2520 297.
449 2486 565 2519 l’etens
582 2487 614 2519 in
633 2487 686 2518 ed.
710 2487 799 2525 Bas„
816 2489 908 2529 petes
927 2485 958 2517 iu
981 2485 1134 2518 omnibus
1153 2495 1211 2517 ms.
