1865 2959
830 208 1013 243 ,94-

283 291 399 332 Haud
422 291 651 344 spernenda
669 297 808 332 tamen
828 293 1010 332 Romana
1026 292 1219 333 cadavera
1238 292 1374 334 calcet.

281 364 481 414 Accelera‚
502 364 604 405 bene
624 369 720 404 nata
741 364 908 414 cohor-53
930 365 973 404 in
986 364 1128 405 limine
1153 377 1261 405 mors
1285 372 1345 406 est

282 435 483 476 Invidiosa
496 435 629 486 bonis,
652 438 856 477 Romanas
878 448 1037 489 semper
1060 437 1110 476 ad
1125 449 1213 478 aras
1485 441 1562 480 310

283 509 382 547 Cum
402 507 589 560 lacrymis
613 507 825 548 recolenda
849 508 926 561 piis
946 513 984 548 et
1001 508 1120 549 thure
1135 509 1317 561 perenni.
1337 525 1354 547 »

282 580 446 620 Talibus
466 580 622 620 accensi
637 585 797 631 coeunt,
815 585 854 620 et
871 580 1078 632 grandinis
1092 580 1220 621 instar

282 653 413 693 Scissa
438 652 546 693 nube
564 657 690 693 ruunt
708 653 751 692 in
770 652 848 693 tela
873 653 1063 693 micantia
1086 666 1094 692 :
1116 653 1272 705 primus

283 726 331 764 Et
352 723 616 765 circumfusos
637 724 744 764 feror
761 724 1002 764 irrediturus
1022 724 1064 764 in
1081 724 1230 765 hostes.

281 796 551 848 Consequitur
570 796 713 836 devota
730 796 818 836 neci
838 794 1058 836 fortissima
1077 796 1217 849 pubes.
1486 801 1564 838 315

278 867 557 908 Sternimuset
576 867 775 908 morimur
802 881 810 906 :
836 868 972 920 paucis
993 872 1052 908 tot
1071 868 1198 909 millia
1214 873 1353 909 contra

278 940 381 989 Quid
403 940 632 993 reliquum?
656 940 735 980 Sed
749 939 828 980 fata
842 940 898 992 pii
921 952 1031 980 nunc
1056 940 1200 981 ultima
1218 940 1353 982 fratris

256 1048 261 1055 .
280 1014 518 1065 Exspecta53
542 1024 675 1065 neque
702 1012 811 1053 enim
830 1012 1024 1065 Hesperia
1042 1012 1193 1053 felicior
1213 1025 1295 1054 ora,

280 1084 348 1124 Ille
362 1084 525 1137 quidem
547 1089 726 1125 extremo
745 1083 816 1124 fati
836 1084 884 1124 de
911 1084 1071 1125 turbine
1090 1083 1238 1126 frustra

279 1158 450 1209 Surgere
473 1161 656 1207 conatus,
672 1168 833 1209 magnae
858 1156 931 1197 sub
948 1156 1052 1197 mole
1072 1156 1202 1197 ruinae
1487 1159 1565 1198 320

279 1230 584 1282 Oppressusque
604 1229 762 1279 itidem,
784 1241 859 1269 nec
877 1241 987 1269 mors
1006 1229 1135 1281 magis
1155 1229 1237 1269 ulla
1257 1229 1422 1269 decebat

279 1301 414 1342 Altera
439 1314 562 1354 quam
581 1301 716 1342 fratris
735 1316 743 1341 z
773 1301 903 1342 suerat
923 1302 1135 1341 concordia
1153 1301 1244 1342 vita)

278 1373 377 1413 Mira
391 1373 454 1414 vel
475 1373 628 1425 exiguis
647 1385 859 1426 nunquam
884 1373 1110 1426 interrupta
1129 1373 1318 1426 querelis.

280 1446 367 1485 Una
386 1445 546 1495 domus,
570 1445 779 1498 victusque
799 1445 929 1495 idem3
950 1457 1067 1486 mens
1086 1457 1166 1485 una
1192 1445 1350 1486 duobus

278 1519 327 1556 Et
346 1529 455 1557 mors
474 1529 555 1557 una
579 1516 679 1566 fuit3
700 1517 811 1557 locus
829 1517 937 1557 idem
965 1529 1128 1569 corpora
1145 1523 1275 1557 servat
1485 1520 1561 1557 3025

276 1589 500 1629 Amborum
519 1601 562 1629 ac
577 1589 746 1629 cineres.
771 1591 858 1630 Huc
874 1595 1037 1642 tempus
1056 1589 1182 1630 ferme
1204 1589 1278 1630 sub
1298 1602 1426 1630 unum

278 1661 488 1711 Venimus,
509 1661 575 1701 hic
593 1661 711 1700 nobis
731 1661 846 1701 nulla
868 1663 1031 1714 estjam
1050 1673 1144 1702 cura
1164 1662 1311 1701 vetusti

276 1733 474 1783 Carceris3
497 1745 545 1773 ex
572 1733 651 1773 alto
672 1745 831 1786 sparsos
852 1733 1152 1773 contemnimus
1175 1738 1300 1783 artus,

277 1806 445 1845 Odimus
467 1810 505 1845 et
527 1805 691 1858 laqueos
712 1811 751 1846 et
774 1805 935 1845 vincula
951 1810 1047 1845 nota
1069 1805 1276 1854 timemus,

276 1877 488 1918 Libertatis
500 1890 624 1928 onus3
640 1878 869 1930 quodnunc
889 1889 1046 1927 sumus,
1067 1877 1166 1918 illud
1187 1889 1384 1917 amamus.
1411 1891 1430 1913 »
1484 1879 1561 1916 330

277 1949 345 1989 Ille
370 1955 503 1991 autem
527 1950 784 2003 illacrymans
808 1964 816 1989 ε
847 1965 864 1987 «
884 1952 970 1990 Tua
993 1962 1072 1997 me,
1094 1955 1178 1999 tua,
1199 1961 1300 1998 care,
1323 1947 1522 2001 profundo

277 2022 402 2063 Corde
422 2022 569 2074 premit
589 2022 731 2075 pietas,
752 2021 933 2074 genitor;
957 2022 1027 2061 sed
1051 2021 1182 2061 mollis
1202 2021 1389 2072 inersque

274 2094 379 2135 Ultio
399 2094 613 2135 verborum
632 2107 792 2147 semper
811 2094 887 2134 fuit
909 2094 1062 2147 optima
1081 2105 1231 2134 rerum.

271 2166 341 2206 Dic
364 2171 516 2217 tamen,
538 2178 560 2207 o
580 2171 716 2207 sancte
735 2178 898 2218 parens,
921 2178 972 2206 au
993 2166 1128 2207 vivere
1152 2165 1317 2205 fratrem

319 2331 395 2361 308.
415 2328 585 2371 Sperancla
603 2329 634 2360 in
655 2330 707 2360 ed.
728 2329 818 2367 Bas„
838 2328 1019 2371 spernenda
1038 2328 1070 2359 in
1088 2329 1241 2360 omnibus
1263 2338 1323 2359 nis.

318 2389 394 2418 312).
417 2387 542 2419 Incensi
563 2396 621 2427 pro
640 2387 767 2418 accensi
787 2386 820 2417 in
842 2395 904 2417 ms.
920 2387 958 2417 Λ.

320 2445 396 2474 321.
417 2443 547 2476 Dicebat
568 2443 602 2474 in
622 2444 675 2475 ed.
694 2444 782 2482 Bas„
803 2442 934 2474 decebat
956 2442 987 2473 in
1009 2452 1070 2474 ms.
1087 2444 1124 2482 Α,
1147 2443 1184 2481 Β,
1203 2443 1238 2482 C,
1258 2444 1293 2480 1),
1311 2443 1344 2473 Ε.

323 2503 397 2532 326.
420 2500 461 2533 El
480 2501 510 2532 in
533 2501 586 2532 ed.
608 2501 697 2539 Bas„
717 2510 754 2532 ac
775 2500 807 2531 in
826 2500 976 2532 omnibus
997 2510 1058 2532 ms.
