1865 2959
747 231 789 236 ..
815 212 860 246 55
886 231 930 237 .-

206 310 307 338 cum
334 296 465 339 Laelio
491 308 667 339 summa
687 299 731 339 et
750 308 827 353 per
859 309 1006 339 aivum
1041 296 1204 355 insigni
1243 296 1470 341 familiari-

206 376 293 416 tate
319 386 426 415 usus
453 376 535 416 est.

263 449 460 493 Proderit
480 450 627 507 igitur,
653 449 707 494 de
727 454 826 494 vate
849 451 944 508 ipso
969 464 1085 495 nova
1111 451 1315 508 aperiens
1340 450 1473 495 docu-

203 530 376 579 menta,
415 527 559 584 quivis
592 526 647 571 de
677 530 827 582 Africa
853 528 992 572 labor.
1034 529 1109 571 Cui
1143 529 1307 572 etenim
1335 528 1470 573 modo

202 605 414 663 Scipionis
434 605 598 653 virtus,
622 605 756 649 inodo
783 606 951 664 Virgilii
972 606 1203 664 ingenium
1222 606 1469 651 incredibili

202 681 441 740 splendore
476 681 759 726 refulserant.
807 683 957 727 Altera
993 682 1177 740 quidem
1213 683 1469 727 concivibus

201 760 308 812 suis,
333 759 522 803 alterum
554 760 592 804 ei
614 759 764 804 deerat
778 777 788 813 ;
819 764 1060 818 utrumque
1080 761 1170 804 imo
1189 761 1321 806 eorde
1340 775 1471 820 exop-

201 837 322 882 tavit.
362 837 498 881 Vanae
530 840 680 882 autem
715 851 817 896 spes
853 839 949 896 ejus
976 842 1249 891 evaserunt,·
1279 853 1472 897 eumque

199 917 386 958 testatur
406 913 516 958 illud
537 928 718 959 carmen
746 915 919 959 animos
941 929 1127 960 suorum
1149 915 1313 960 frustra
1334 930 1468 960 cona-

199 997 295 1036 tum
324 992 508 1050 erigere,
540 992 703 1036 frustra
732 993 867 1036 simul
901 993 1128 1037 veteribus
1158 1006 1257 1038 esse
1286 994 1466 1039 aemula-

197 1073 308 1114 tum.
331 1070 448 1121 Quos
472 1069 651 1114 assidue
671 1070 852 1129 legerat,
869 1070 1147 1129 pedetentim
1165 1074 1344 1115 secutus
1363 1071 1464 1115 imi-

196 1148 277 1192 tari
307 1147 464 1191 nesciit
484 1163 495 1200 ;
519 1162 631 1206 quos
662 1147 718 1192 ad
751 1148 964 1192 virtutem
995 1148 1164 1207 erigere
1186 1149 1408 1207 cupiebat,
1436 1150 1464 1192 ii

195 1225 360 1269 incerta
387 1239 496 1270 voce
522 1229 757 1270 canentem
776 1239 868 1269 non
889 1225 1083 1269 audiere.
1109 1226 1238 1284 Ergo,
1270 1240 1370 1284 quae
1390 1241 1466 1271 ne—

196 1316 282 1360 que
300 1303 490 1361 Scipioni
511 1316 656 1361 neque
687 1303 1007 1348 recentioribus
1038 1304 1248 1347 Romanis
1274 1304 1461 1362 profuit,

195 1381 353 1425 saltem
371 1381 652 1426 Petrarcham
670 1382 811 1439 magis
832 1384 990 1425 notum
1009 1380 1112 1426 fecit
1128 1385 1157 1424 A
1164 1384 1294 1436 frica,
1320 1385 1465 1426 osten-

195 1458 348 1516 ditque
374 1459 618 1517 sciptorum
644 1459 885 1503 latinorum
909 1458 1099 1503 docilem
1125 1458 1395 1517 discipulum
1421 1462 1465 1503 et

194 1536 324 1580 avitae
357 1535 500 1580 laudis
534 1536 801 1589 studiosum,
836 1537 910 1594 qui
946 1535 1154 1580 traditam
1186 1536 1240 1580 al)
1269 1536 1463 1593 antiquis

193 1616 344 1658 Romae
373 1615 633 1672 religionen]
662 1614 855 1660 servavit
881 1618 925 1659 et
950 1615 996 1658 in
1022 1614 1184 1659 melius
1214 1618 1459 1673 reparatam

191 1692 388 1751 posteris
411 1692 602 1751 1²eliquit.
