1865 2959
846 205 1057 241 -110—

308 295 398 335 Jam
417 292 546 345 longis
571 291 712 332 satiata
732 290 865 340 malis,
886 289 1046 330 funesta
1072 292 1293 329 retrorsum

308 365 482 406 Consilia
502 369 668 405 evertet.
689 363 792 412 Quid
815 362 970 403 multa?
991 361 1211 414 Vagabitur
1229 360 1342 400 exsul
1543 364 1594 401 80

311 437 527 485 Pessimus,
551 442 587 476 et
605 443 731 476 terras
750 435 860 475 virus
881 434 1081 486 disperget
1094 433 1137 473 in
1156 445 1297 473 omnes

309 512 512 550 Romanos
529 509 571 548 in
588 513 715 548 morte
735 513 892 560 petens.
917 508 996 546 Ceu
1019 517 1137 545 saxea
1158 517 1310 545 saevum

309 584 407 622 Cum
426 580 530 621 forte
552 580 596 620 in
615 579 743 620 triviis
764 584 984 631 tempestas
1002 577 1135 617 obruit
1156 589 1344 629 anguem,

310 654 379 694 Ille
401 653 510 703 furit,
532 652 791 704 moriensque
811 651 942 691 minas
958 649 1084 690 vomit
1105 654 1225 702 atque
1245 661 1475 698 venenum3

309 725 414 766 Mille
431 725 559 777 ligans
581 724 750 764 caudam
770 732 1066 776 squamosaque
1087 732 1250 773 corpora
1269 720 1403 770 nodis,
1542 722 1593 760 85

310 796 527 837 Horrificus
547 795 630 835 solo
651 800 829 848 aspectu,
851 799 1054 846 postrema
1073 798 1266 833 cruentus

309 869 432 910 Sibila
452 869 772 921 languentesque
798 866 933 907 oculos
955 865 1101 906 attollit
1118 870 1155 905 et
1175 866 1309 918 ipsum

309 942 429 983 Saevit
450 942 490 981 in
513 945 715 981 auctorem
735 939 883 980 frustra
903 953 911 978 ε
935 939 989 978 sic
1009 937 1194 978 turbidus
1215 937 1289 977 iste

308 1014 414 1055 Mille
437 1014 521 1054 vias
541 1012 809 1053 moribundus
828 1016 931 1063 aget.
957 1012 1041 1059 Quo
1059 1015 1240 1062 tempore
1261 1009 1361 1049 forte

308 1086 469 1127 Publica
492 1086 588 1126 dum
609 1097 773 1137 perages
792 1084 997 1133 mandata,
1018 1082 1172 1123 videbis
1191 1083 1389 1122 inermem
1541 1084 1593 1121 00

307 1161 495 1208 Securus,
516 1157 739 1210 faciemque
759 1162 913 1197 trucem
935 1168 1023 1208 quae
1042 1155 1184 1195 terruit
1209 1154 1363 1195 orbem.

308 1231 511 1283 Colloquio
531 1230 669 1270 festiva
695 1229 780 1269 dies
801 1229 986 1268 videatur
1008 1227 1136 1268 amico

306 1304 528 1342 Tantorum
550 1301 643 1341 felix
662 1301 847 1353 Ephesus
869 1311 1052 1340 sermone
1075 1299 1267 1339 virorum.

307 1378 429 1415 Fama
446 1374 608 1428 quidem
632 1374 805 1414 mendax
823 1372 922 1412 falsa
948 1385 1037 1412 cnm
1060 1372 1172 1411 lance
1196 1370 1394 1411 nefandos

307 1450 455 1500 AEquat
472 1447 610 1499 iniqua
631 1447 764 1496 bonis,
786 1446 941 1486 facinus
963 1445 1057 1485 dum
1081 1445 1232 1497 grande
1252 1444 1510 1484 tremendum
1539 1446 1592 1484 95

308 1520 565 1560 Horrendum
585 1519 693 1559 dictu
712 1519 891 1568 invenit3
916 1519 1021 1558 canit
1041 1517 1136 1557 orba
1154 1529 1225 1570 per
1248 1517 1384 1557 orbem

305 1593 385 1632 Nec
405 1592 556 1632 dirimit
577 1603 730 1631 causas.
755 1591 928 1631 Patriam
945 1592 1061 1643 Juvat
1084 1590 1149 1630 ille
1169 1589 1394 1639 cadentem,

306 1664 531 1713 Laudatur;
551 1663 758 1716 multaque
779 1662 879 1703 alius
900 1675 990 1703 cum
1013 1667 1141 1713 strage
1163 1667 1349 1701 cruentas

304 1738 442 1788 Captat
464 1748 560 1788 opes
580 1747 831 1788 regnumque
851 1735 923 1775 sibi
942 1735 1138 1787 jaciturus
1154 1734 1195 1773 in
1217 1745 1330 1782 aure,

304 1808 375 1848 Hic
395 1819 554 1860 quoque
577 1807 777 1848 laudatur.
799 1807 1043 1847 Laudabitur
1062 1805 1261 1845 Hannibal
1285 1810 1403 1857 atque
1513 1806 1590 1842 400

305 1881 451 1932 Scipio,
474 1881 685 1933 posteritas
704 1880 916 1920 mirabitur
937 1891 1069 1919 omnis
1097 1884 1327 1930 utrumque.

306 1954 416 1992 Heu!
439 1966 507 2005 par
531 1952 725 1992 dissimile
743 1957 782 1993 et
804 1952 961 1992 diverso
986 1951 1115 1990 sidere
1137 1950 1253 1989 terris

351 2152 405 2184 79.
427 2150 511 2185 Nam
533 2161 590 2193 pro
602 2152 675 2193 jam
697 2152 729 2183 in
751 2161 811 2183 ms.
835 2151 870 2182 E.

351 2212 404 2241 80.
432 2208 603 2243 Vacubttur
620 2209 652 2240 in
673 2209 712 2240 ed
734 2209 822 2246 Bas„
843 2207 1013 2249 zayabitur
1034 2206 1066 2237 in
1088 2206 1240 2237 omnibus
1261 2215 1320 2237 ms.

349 2268 403 2298 81.
425 2266 586 2308 Disperqil
608 2266 640 2297 in
662 2267 713 2297 ed.
736 2265 826 2303 Bas,
848 2265 1007 2306 disperqet
1029 2263 1059 2294 in
1081 2263 1234 2295 omnibus
1253 2273 1312 2294 ms.

347 2326 403 2355 91.
425 2322 537 2356 Uibem
557 2325 589 2354 in
609 2324 662 2354 ed.
686 2324 775 2361 Bas„
797 2322 906 2354 orbem
925 2321 955 2352 in
979 2321 1130 2352 omnibus
1151 2330 1213 2351 ms.

346 2382 402 2411 ⁹2.
424 2379 555 2412 Festina
575 2381 607 2411 in
626 2381 678 2411 ed.
696 2381 784 2418 Bas„
805 2379 920 2419 festiva
937 2378 967 2409 in
990 2388 1053 2409 ms.
1074 2379 1113 2415 Α,
1135 2378 1172 2414 Β,
1193 2378 1228 2415 C,
1251 2379 1286 2408 D.

346 2440 402 2470 99.
421 2438 609 2480 Iteyumque
638 2437 697 2469 sibi
718 2438 861 2470 victurus
890 2436 921 2467 in
952 2436 1006 2467 cd.
1033 2435 1125 2473 Bas.·‚
1149 2443 1348 2476 refluumque
1361 2435 1527 2475 jaciturus
1555 2433 1586 2464 in

302 2506 362 2530 ms.
386 2497 422 2532 A.
444 2497 481 2534 B,
502 2496 538 2534 C,
556 2497 604 2534 D3
627 2503 825 2536 reqnumque
845 2493 906 2526 sibi
924 2493 1090 2536 periturus
1106 2492 1138 2524 in
1158 2502 1217 2523 ms,
1243 2493 1275 2523 ti,
