1865 2959
819 233 856 239 --
887 214 953 248 347
983 232 1026 240 —

285 298 336 337 At
356 308 465 336 nunc
484 297 590 348 quod
610 300 747 336 nostro
766 296 897 348 poscis
917 308 1101 336 sermone
1120 297 1250 337 doceri

283 368 425 420 Accipe
448 379 568 420 quam
594 367 797 407 brevibus.
824 370 910 408 Non
937 367 1004 407 illa
1030 368 1188 408 licentia
1212 372 1350 409 vatum
1376 373 1436 409 ost
1509 371 1561 407 90

283 441 409 488 Quam
431 438 571 479 multis
590 438 786 490 placuisse
809 439 939 490 palam
961 444 1087 479 est....

282 511 530 562 Scripturum
545 510 690 562 jecisse
710 510 821 562 prius
841 510 1073 550 firmissima
1094 512 1176 551 veri

282 581 558 622 Fundamenta
580 581 706 631 decet,
729 581 874 633 quibus
894 582 987 622 inde
1008 582 1187 630 innixus,
1209 594 1366 622 amoma

282 655 331 693 Et
351 653 458 693 varia
480 652 553 693 sub
571 653 680 693 nube
702 657 833 704 potest
852 653 1093 693 abscondere
1112 665 1216 703 sese,

282 724 432 764 Lectori
457 724 622 776 longum
646 724 857 764 cumulans
883 724 1164 777 placidumque
1188 725 1382 773 laborem,
1511 727 1561 763 95

281 795 457 844 Quaesitu
474 795 651 847 asperior
671 807 749 847 quo
770 795 820 835 sit
840 796 1056 844 sententia,
1077 807 1215 836 verum

280 866 440 906 Dulcior
458 866 641 916 invenm,
664 866 857 919 quidquid
878 867 989 907 labor
1007 867 1265 908 historiarum
1287 873 1363 916 est,

279 938 479 990 Quidquid
499 939 695 978 virtutum
711 938 841 978 cultus
860 939 1180 992 documentaque
1199 940 1304 990 vitae,

277 1012 435 1050 Naturae
456 1010 635 1049 studium
656 1010 852 1062 quidquid
874 1010 1033 1050 licuisse
1050 1011 1178 1063 poetis

280 1080 418 1130 Crede,
447 1080 521 1120 sub
541 1080 676 1132 ignoto
698 1086 834 1120 tamen
855 1086 899 1121 ut
920 1081 1100 1122 celentur
1120 1082 1282 1132 amictu,
1488 1084 1564 1121 100

278 1152 394 1192 Nuda
413 1151 508 1191 alibi
527 1156 565 1191 et
583 1151 695 1191 tenui
714 1151 958 1193 frustrentur
978 1152 1134 1193 lumina
1153 1154 1255 1203 velo,

279 1223 565 1274 Interdumque
590 1223 720 1274 palam
745 1224 912 1264 veniant
934 1223 1169 1277 fugiantque
1189 1225 1383 1265 vicissim.

279 1295 353 1343 Qui
371 1294 484 1346 fingit
505 1295 785 1348 quodcumque
806 1295 940 1347 refert,
961 1308 1043 1336 non
1060 1296 1126 1337 ille
1144 1302 1270 1350 poetae

279 1366 450 1406 Nomine
472 1367 698 1407 censendus
719 1379 791 1407 nec
812 1368 913 1408 vatis
936 1368 1088 1409 honore
1108 1370 1176 1409 sed
1198 1382 1278 1409 uno

279 1437 449 1477 Nomine
466 1438 669 1477 mendacis
691 1453 698 1477 :
722 1443 834 1490 potes
854 1439 949 1479 hinc
970 1441 1216 1492 perpendere
1236 1441 1434 1493 quidquid
1486 1444 1562 1481 105

278 1509 385 1549 Scire
406 1510 522 1561 petis,
546 1510 671 1549 nostri
694 1522 781 1562 quzr
802 1511 852 1550 sit
870 1522 1060 1552 mensura
1079 1512 1241 1562 laboris,

279 1583 328 1620 Et
346 1581 446 1621 latos
465 1580 580 1631 fines,
602 1587 641 1621 et
659 1588 810 1634 quanta
829 1582 988 1623 licentia
1007 1584 1126 1624 nobis

277 1655 427 1694 Laurea
445 1659 568 1694 restat
589 1654 734 1704 adhuc,
758 1657 818 1707 cuj
827 1667 871 1695 us
891 1656 1054 1708 dignare
1074 1668 1288 1709 parumper

277 1725 492 1777 participes
512 1737 586 1766 nos
606 1737 692 1766 esse
714 1726 801 1776 tibi,
825 1727 857 1766 si
877 1728 1003 1779 gloria
1023 1728 1125 1768 bello

276 1799 354 1836 Nec
375 1797 511 1836 minus
530 1797 693 1849 ingenio
711 1803 882 1838 constat.
908 1799 1061 1840 patiere
1079 1800 1224 1840 virenti
1488 1804 1562 1842 ΗΟ

278 1868 431 1908 Fronde
453 1868 572 1908 duces
592 1874 781 1921 vatesque
801 1870 921 1910 simul
942 1882 1051 1911 sacra
1072 1876 1254 1924 tempora
1274 1873 1450 1925 cingant.

276 1939 504 1979 Iinmortale
523 1940 643 1979 decus
664 1941 771 1980 viror
791 1941 1031 1982 immortalis
1054 1943 1235 1996 utrisque

322 2139 374 2168 89.
398 2137 504 2169 Possis
524 2138 556 2169 in
578 2139 630 2170 ed.
650 2139 740 2177 Bas„
758 2140 864 2180 poscis
884 2140 915 2171 in
934 2140 1085 2172 omnihus
1105 2151 1166 2173 ms.

321 2195 374 2225 90.
397 2193 519 2226 Natum
542 2195 574 2225 in
597 2195 649 2226 ed.
671 2196 759 2234 Bas.‚
778 2198 888 2227 vatum
907 2197 938 2227 iu
956 2197 1107 2228 omnibus
1128 2207 1189 2229 ms.
1204 2198 1262 2230 Est
1277 2200 1370 2231 deest
1389 2200 1420 2231 in
1442 2209 1502 2231 ms.
1522 2202 1558 2231 A.

320 2252 395 2281 103.
419 2250 516 2292 Fuqz‘t
536 2251 570 2282 in
592 2253 644 2283 ed.
666 2253 757 2290 Bas.,
775 2253 870 2294 finqit
891 2253 924 2285 in
947 2264 1007 2285 ms.
1027 2257 1065 2292 A,
1087 2255 1123 2292 B,
1147 2256 1183 2294 C,
1207 2257 1244 2294 D,
1266 2257 1301 2287 F.

322 2307 399 2338 1104.
420 2308 478 2339 Pro
499 2308 623 2340 duobus
644 2310 793 2340 versibus
815 2311 877 2340 104
903 2313 936 2342 et
964 2312 1025 2341 105
1058 2311 1090 2342 in
1121 2321 1182 2342 ms.
1218 2313 1242 2343 A
1274 2315 1323 2344 est
1352 2316 1476 2344 tantum
1507 2314 1558 2345 hic

274 2373 390 2396 versus
410 2375 417 2395 z
440 2364 578 2397 Nomine
598 2367 775 2398 censendus
791 2376 800 2398 .·
818 2371 908 2408 poles
928 2368 1004 2399 hinc
1014 2368 1213 2410 perpendere
1233 2370 1401 2411 quidquid.

322 2422 400 2452 109.
424 2421 495 2454 Νοη
515 2422 547 2453 in
570 2423 623 2454 ed.
643 2424 732 2462 Bas„
755 2432 812 2455 nos
833 2424 865 2455 in
888 2425 1037 2456 omnibus
1056 2435 1116 2456 ms.

324 2480 400 2510 112.
429 2478 524 2520 Viqor
547 2489 602 2520 pro
621 2481 708 2511 viror
729 2480 763 2512 in
785 2489 846 2512 ms.
865 2482 904 2513 A.
