1865 2959
818 240 1026 278 -289-

282 323 455 364 Vulnera
473 322 723 375 vulneribuS,
745 329 895 365 mortes
919 336 1077 377 quoque
1101 324 1298 366 mortibus
1318 329 1412 367 atrae

282 395 522 445 Miscentur;
540 396 655 447 juvat
671 395 832 436 insertis
847 396 1088 437 descendere
1107 397 1156 438 ad
1177 396 1340 439 umbras
1474 399 1553 438 980

283 466 526 518 Visceribus,
550 468 768 520 Manesque
783 479 909 508 novos
929 467 1087 509 turbare
1109 469 1304 521 tumultu,

283 540 590 592 pugnantesque
602 538 757 580 animas
776 539 930 581 Herebo
951 539 1167 581 transferre
1191 540 1339 582 silenti.

283 611 371 650 Heu
392 609 515 661 furor,
538 614 578 651 et
597 615 746 664 quanto
766 611 892 652 satius
912 611 1060 653 vixisse
1079 612 1239 665 quietus

283 681 448 723 Finibus
467 682 512 722 in
531 683 669 735 patriis
691 683 868 736 populus
886 683 1082 737 potuisset
1098 685 1289 738 uterque!

281 755 370 795 Non
390 754 485 795 sinit
503 754 667 796 ambitio
686 756 856 809 caecique
877 755 1064 809 superbia
1082 756 1213 797 cordis
1476 759 1555 798 985

280 829 330 867 Et
353 827 440 868 sitis
462 832 610 868 aeterna
632 840 720 881 quae
741 840 811 881 spe
833 829 1039 870 succendit
1057 828 1235 870 habendi

278 899 479 950 Mortales,
500 899 660 954 uritque
681 900 837 941 animos
856 905 894 942 et
912 901 1039 941 trudit
1059 900 1102 941 in
1124 911 1256 941 enses,

279 970 506 1024 Confligunt
521 970 690 1012 infensae
710 971 828 1023 acies,
854 983 928 1012 nec
952 971 1111 1025 publica
1125 976 1285 1012 tantum

279 1045 359 1084 Has
380 1042 471 1084 odia
491 1043 716 1096 exagitant3
744 1043 869 1084 credit
890 1055 962 1084 sua
980 1044 1147 1084 vulnera
1167 1043 1335 1096 quisque

278 1116 328 1155 Et
346 1114 470 1167 patris
488 1114 702 1168 fratrisque
725 1126 882 1167 necem,
909 1116 1007 1156 dum
1029 1115 1197 1168 perculit
1219 1115 1394 1166 hostem,
1477 1116 1556 1155 990

278 1186 421 1227 Ulcisci
440 1200 450 1237 ;
470 1198 598 1240 usque
623 1186 720 1228 adeo
746 1192 903 1228 mentes
923 1187 1076 1228 offensa
1099 1192 1279 1228 vetustas

278 1260 461 1311 Asperat,
483 1263 604 1312 atque
621 1258 711 1300 odio
732 1258 861 1300 levius
881 1263 1030 1300 certare
1047 1259 1216 1301 recenti.

280 1329 495 1383 Impellunt
515 1342 586 1371 sua
604 1335 733 1371 castra
751 1330 890 1382 duceS,
916 1336 956 1372 et
974 1331 1140 1372 vocibus
1165 1331 1254 1372 altis

275 1402 511 1443 Accendunt
525 1402 697 1453 animos,
718 1407 757 1444 et
774 1402 944 1444 honesta
958 1403 1133 1456 pericula
1151 1406 1380 1444 monstrant

277 1476 334 1515 Ac
356 1473 546 1515 subeunt.
573 1474 731 1527 Species
751 1474 837 1515 visa
856 1479 916 1516 est
934 1475 1202 1528 pulcherrima
1223 1475 1366 1516 mortis
1473 1477 1552 1516 995

278 1547 352 1586 Pro
372 1545 499 1598 patria
517 1545 716 1599 pepigisse
735 1546 937 1596 animam;
962 1546 1021 1587 vis
1042 1547 1175 1600 ampla
1195 1546 1374 1588 furorum

276 1618 571 1670 Armorumque
590 1617 708 1658 dabat
731 1618 937 1671 strepitus,
958 1618 1211 1672 gemitusque
1232 1619 1446 1660 cadentum

275 1688 471 1730 Confusos
490 1688 655 1730 horrore
675 1701 811 1730 sonos.
833 1691 925 1730 Jam
949 1690 1156 1742 sanguinis
1183 1690 1286 1731 altus

275 1762 308 1800 It
328 1760 490 1812 fluvius,
509 1772 751 1814 camposque
768 1761 870 1814 rigat
886 1760 1138 1802 fumantibus
1155 1762 1276 1802 undis
1297 1776 1307 1812 3

274 1834 444 1886 Jamque
462 1831 598 1873 furens
620 1833 749 1887 operit
764 1833 967 1887 volvitque
987 1833 1178 1876 cadavera
1197 1838 1354 1875 torrens
1372 1849 1382 1884 ;
1447 1836 1551 1876 1000

274 1905 388 1945 Mons
408 1916 566 1958 quoque
581 1904 814 1958 corporibus
832 1906 1041 1958 prostratis
1063 1906 1188 1958 surgit
1204 1918 1400 1959 equorum

274 1977 405 2029 Atque
422 1976 555 2017 virum
573 1977 814 2030 rapidosque
830 1977 938 2030 jugis
955 1979 1042 2030 jam
1063 1982 1219 2031 separat
1238 1977 1390 2019 hostes.

275 2048 362 2088 Non
383 2047 439 2089 sic
456 2047 646 2089 attonitos
664 2048 788 2101 AEgeo
805 2048 937 2090 littore
956 2053 1099 2090 nautas

275 2119 493 2172 Expavisse
518 2132 620 2172 rear,
643 2120 793 2174 quibus
812 2120 946 2162 insula
962 2125 1056 2162 nata
1075 2126 1240 2175 repente

273 2192 345 2230 Est
360 2203 482 2244 prope
491 2191 725 2233 Therasiam
736 2206 746 2242 ;
759 2192 868 2246 quod
878 2198 1107 2234 monstrum
1120 2193 1260 2234 doctus
1271 2195 1548 2246 aruspex1005

272 2263 452 2304 Romano
479 2263 589 2304 dedit
604 2263 772 2317 imperio
792 2264 1081 2318 Macedumque
1100 2264 1228 2306 ruinae
1246 2278 1255 2305 ε

270 2334 413 2377 Navita
429 2335 500 2378 sed
514 2340 687 2378 transtro
700 2336 814 2378 rudis
831 2347 876 2377 ac
890 2335 1137 2390 stupefactus
1156 2336 1339 2379 adhaesit.

316 2464 392 2496 986.
412 2462 564 2498 Succedit
586 2462 621 2496 in
642 2463 694 2496 ed.
715 2465 807 2503 Bas..
827 2464 995 2497 succendit
1014 2464 1049 2497 in
1066 2463 1218 2496 omnibus
1232 2473 1293 2496 ms.

316 2521 416 2554 1007.
439 2519 539 2564 Rupis
560 2520 595 2554 in
614 2521 668 2554 ed.
688 2520 781 2562 Bas„
800 2520 892 2554 rudis
911 2521 946 2554 in
965 2521 1118 2555 omnibus
1138 2530 1199 2554 ms.

1311 2583 1358 2618 19
