1865 2959
813 295 1022 330 —390—

279 376 455 417 maxime
488 388 593 426 reor,
638 387 730 416 cum
767 376 890 417 sciam
933 377 1144 418 dominum
1175 378 1433 419 Franciscuin
1468 386 1556 432 post

280 449 450 501 primam
489 448 706 488 editionem
741 448 918 490 Africam
956 451 997 489 in
1041 462 1168 490 unum
1205 456 1446 503 quaternum
1495 465 1556 493 re·

278 521 454 570 duxisse,
480 519 581 560 forte
611 521 695 573 ipse
724 521 831 561 idem
853 521 1006 575 aliquid
1038 527 1269 563 mutaturus
1291 523 1334 563 in
1366 523 1558 564 chartulis

278 592 420 646 primis
450 592 632 634 consulto
662 592 836 646 reliquit.
866 595 984 634 Forte
1004 594 1110 634 enirn
1139 595 1325 648 cogitavit
1347 595 1557 648 profectio-

277 677 373 706 nem
397 664 594 717 Scipionis
610 665 659 705 ad
678 664 919 718 Syphacem,
941 678 1029 718 quae
1049 666 1179 707 eidem
1203 678 1224 707 a
1243 667 1396 708 cunctis
1424 668 1472 708 ad
1495 673 1557 708 te-

279 737 504 777 meritatem
540 736 796 786 adscribitur,
827 736 1049 787 subticere,
1076 749 1126 778 ne
1153 737 1226 778 viri
1250 738 1414 785 samam,
1437 751 1558 792 quem

278 807 525 850 laudandum
548 813 837 859 assumpserat,
861 808 1102 861 denigraret.
1120 810 1326 860 Quocirca,
1347 809 1467 852 frater
1487 823 1557 863 op-

279 881 391 929 time,
413 880 492 922 nisi
509 880 585 920 hoc
603 880 711 933 quod
733 880 866 921 deficit
889 881 1136 932 inveniatur,
1171 883 1255 934 jam
1272 894 1342 935 ego
1365 883 1413 923 de
1430 882 1559 924 Africa

278 959 432 1004 nostra,
449 953 517 993 hei
538 952 663 992 mihil
696 952 839 993 horreo
864 952 1016 1003 dicens,
1040 958 1174 994 actum
1195 954 1348 1007 judico,
1370 960 1415 995 ut
1440 955 1557 996 corri-

278 1026 407 1079 genda
428 1026 479 1066 sit
499 1025 634 1078 potius
646 1025 824 1065 Vulcano
838 1025 1048 1075 tradenda,
1066 1038 1187 1078 quam
1203 1026 1375 1077 edenda,
1389 1027 1466 1068 nisi
1482 1028 1559 1069 for-

280 1110 351 1139 san
373 1097 547 1138 multum
562 1097 653 1137 libri
665 1097 900 1137 duxerimus
916 1097 1273 1150 exstinguendum,
1288 1099 1395 1152 quod
1412 1099 1560 1140 facien-

279 1171 377 1211 dum
389 1169 499 1211 nullo
524 1169 643 1210 modo
663 1169 815 1222 judice.
845 1171 902 1209 Ex
929 1181 1007 1222 quo
1034 1174 1072 1210 te
1093 1182 1164 1222 per
1187 1172 1312 1210 Deum
1329 1176 1367 1211 et
1387 1172 1560 1224 Superos

278 1254 420 1284 omnes
438 1242 594 1295 adjuro,
614 1246 653 1282 et
673 1253 743 1294 per
770 1241 803 1281 si
827 1253 949 1294 quem
978 1253 1157 1282 amorem
1184 1242 1315 1282 adhuc
1344 1243 1393 1282 ad
1423 1245 1560 1284 Manes

280 1314 381 1355 tanti
396 1314 486 1364 viri,
504 1318 548 1354 ut
559 1313 743 1364 arbitror,
756 1312 895 1364 habes,
907 1313 1201 1366 peramicitiam
1216 1319 1398 1355 nostram
1412 1314 1560 1355 hones-

280 1387 448 1428 tissimis
468 1386 670 1439 inceptam
690 1386 894 1438 auspiciis,
916 1397 984 1438 per
1005 1385 1149 1438 siquid
1171 1398 1308 1427 earum
1325 1399 1503 1440 unquam
1517 1388 1560 1427 in

280 1459 349 1500 illo
363 1458 616 1499 sanctissimo
629 1457 712 1497 viro
731 1456 821 1508 fuit,
835 1469 906 1510 per
920 1469 1000 1497 suae
1015 1456 1132 1497 famae
1144 1458 1561 1512 aeternitaten1,cujus

279 1537 318 1572 te
335 1542 473 1572 curam
496 1530 643 1570 habere
657 1542 760 1579 reor,
786 1530 977 1583 quoniam
1005 1542 1053 1571 ex
1073 1529 1149 1570 hoc
1167 1530 1284 1581 libro,
1311 1531 1424 1571 crede
1443 1532 1558 1582 mihi,

281 1605 367 1657 ejus
379 1602 572 1643 memoria
593 1602 779 1653 exstabit,
803 1602 982 1642 obtestor
1004 1608 1043 1642 et
1069 1613 1153 1652 oro,
1177 1602 1285 1655 quod
1305 1602 1414 1643 hunc
1435 1603 1562 1644 defec-

279 1681 366 1717 tum
380 1675 576 1725 revideas,
591 1679 629 1715 et
649 1674 841 1714 chartulis
865 1674 1005 1726 primis
1029 1680 1370 1727 quaemernerunt
1391 1679 1474 1715 tam
1501 1675 1561 1715 di-

280 1748 373 1788 vino
401 1746 578 1787 carmine
595 1746 773 1799 primum
793 1746 974 1795 inscribi,
1005 1751 1073 1786 ant
1099 1746 1210 1795 alibi,
1236 1746 1478 1799 ubicumque
1511 1747 1561 1787 sit

280 1820 478 1861 invenias.
500 1821 549 1860 Et
569 1831 640 1871 ego
662 1831 726 1859 me
744 1818 866 1859 offero
893 1818 1184 1868 laboraturum,
1206 1824 1251 1859 ut
1279 1823 1421 1859 cuncta
1458 1819 1560 1860 revi-

281 1893 413 1942 deam,
427 1897 464 1932 et
483 1903 571 1944 quae
587 1891 820 1943 corrigenda
840 1891 991 1939 videro,
1015 1891 1227 1942 corrigam,
1245 1891 1346 1931 meis
1358 1891 1560 1944 expensis,

283 1965 313 2005 si
336 1965 407 2005 tibi
426 1964 631 2018 placuerit,
654 1964 785 2014 edam,
807 1969 850 2004 ut
872 1975 1031 2004 mecum
1049 1963 1149 2016 ipse,
1175 1968 1390 2017 antequam
1413 1963 1561 2004 librum

281 2036 515 2089 reciperem,
537 2035 773 2088 cogitabam.
797 2037 903 2088 Rogo
926 2040 979 2085 to,
1003 2040 1044 2075 nt
1064 2035 1105 2075 in
1126 2034 1339 2076 consilium
1360 2035 1562 2087 insignem

283 2109 414 2149 virum
459 2106 732 2148 Lombardum
767 2118 904 2147 meum
956 2107 1178 2146 maxinuun
1213 2106 1330 2146 sainte
1364 2107 1561 2147 Francisci

282 2179 408 2219 nostri
447 2179 654 2219 custodem
688 2184 806 2232 atque
838 2190 1064 2231 praeconem
1096 2178 1303 2229 adhibeas,
1340 2184 1378 2220 et
1404 2179 1561 2220 confes-

283 2251 356 2292 tim
385 2262 450 2292 me
480 2251 556 2291 hoc
580 2251 705 2291 animi
742 2263 913 2292 moerore
944 2251 1091 2291 curetis
1118 2250 1339 2292 absolvere.

336 2323 431 2364 Vale
452 2323 547 2363 duni
570 2323 733 2363 demum
763 2323 872 2373 felir,
894 2334 984 2363 cum
1014 2322 1089 2363 hoc
1110 2335 1254 2372 nuum,
1272 2323 1313 2363 in
1333 2334 1411 2376 quo
1439 2322 1562 2363 verti-

282 2401 348 2435 tur
367 2395 531 2435 omnino
549 2395 738 2448 splendor
762 2395 869 2435 illius
890 2395 948 2435 tui
970 2395 1047 2435 cari
1070 2395 1248 2448 parentis
1269 2394 1460 2436 effeceris.

336 2469 482 2508 Datum
507 2467 734 2518 Florentiae,
755 2468 895 2520 quinto
915 2466 1109 2507 kalendas
1140 2466 1343 2508 februarii.
