1865 2959
802 619 1194 673 INDEX.

480 1086 528 1115 DE
552 1083 730 1114 POEMATE
754 1081 997 1112 PETRARCHAE
1021 1079 1083 1109 CUI
1107 1078 1267 1108 TITULUS
1291 1077 1359 1107 EST
1383 1077 1533 1107 AFRICA.

429 1213 453 1247 1.
475 1210 669 1255 Quomodo
690 1209 851 1244 Africam
872 1206 1067 1242 Petrarcha
1088 1204 1340 1250 composuerit
1393 1231 1400 1237 .
1454 1230 1462 1237 .
1515 1227 1525 1238 .
1625 1202 1640 1235 1

417 1295 457 1330 11.
479 1295 568 1338 Qua}
587 1294 633 1328 sit
650 1294 690 1328 in
710 1292 830 1328 Africa
849 1302 977 1326 rerum
1002 1288 1212 1325 distributio
1265 1313 1526 1323 .....
1602 1286 1646 1320 10

409 1379 462 1413 111.
483 1377 623 1421 Quibus
644 1388 688 1411 ex
708 1375 871 1411 fontibus
897 1373 1092 1409 materiam
1116 1371 1245 1406 Africae
1274 1369 1441 1405 hauserit
1466 1369 1530 1403 Pe-

536 1461 683 1496 trareha
700 1480 1526 1495 ..............
1604 1453 1648 1487 48

402 1547 458 1582 lv.
480 1544 732 1582 Conseruntur
752 1543 873 1578 Africa
894 1545 930 1578 et
950 1541 1030 1578 Silii
1047 1540 1162 1576 Italici
1181 1540 1337 1575 Punica.
1393 1564 1399 1571 .
1457 1565 1464 1572 .
1520 1563 1526 1570 .
1603 1537 1648 1570 ⁶..)ss

414 1629 455 1664 V.
476 1628 565 1671 Quae
584 1627 658 1662 sint
677 1626 715 1661 in
734 1625 855 1660 Africa
875 1622 1199 1670 reprehendenda,
1221 1633 1304 1668 quae
1330 1619 1529 1656 laudanda.
1604 1618 1650 1653 34

404 1713 459 1747 Vl.
479 1711 576 1755 Quid
596 1721 663 1746 nos
692 1709 812 1745 Africa
841 1708 886 1744 de
918 1707 1069 1754 ingenio
1099 1709 1135 1742 et
1167 1708 1301 1741 natura
1327 1703 1532 1740 Petrarehae

539 1795 667 1830 doceat
703 1813 1530 1828 ..............
1606 1785 1652 1819 45

388 1879 459 1915 vll.
479 1877 673 1923 Quomodo
693 1887 779 1912 cum
799 1875 955 1922 posteris
975 1873 1172 1910 Petrarcha
1189 1872 1268 1919 ipse
1289 1872 1329 1907 in
1349 1881 1471 1907 unum
1489 1870 1534 1906 de

540 1962 661 1998 Africa
676 1961 863 2008 judicium
882 1959 1096 1995 convenerit
1147 1982 1532 1992 .......
1608 1955 1653 1989 5ίί

376 2048 459 2084 vul.
481 2048 569 2091 Quae
588 2046 714 2091 fuerit,
734 2044 928 2080 petrarcha
949 2045 1113 2086 mortuo,
1135 2040 1264 2076 Africa}
1280 2040 1431 2075 fortuna
1461 2068 1468 2075 .
1526 2065 1532 2072 .
1609 2038 1654 2071 65

929 2234 1101 2271 AFRICA.

382 2365 493 2400 Index
509 2363 679 2399 codicum
699 2362 738 2397 in
755 2361 891 2408 quibus
911 2362 1028 2396 exstat
1047 2358 1168 2394 Africa
1213 2382 1533 2392 ......
1611 2354 1655 2388 79

382 2449 488 2484 Liber
505 2448 649 2493 primus
709 2465 1534 2480 ..............
1611 2438 1650 2471 81
