1865 2959
817 271 861 278 -
887 250 956 287 275
983 270 1026 276 -

284 333 397 382 Quod
414 338 472 384 tu,
497 345 654 375 summe
674 346 833 387 parens,
855 334 1041 388 prohibe,
1064 338 1103 374 et
1120 333 1307 386 permitte
1324 336 1477 387 parenti

285 407 326 445 ld
346 407 464 446 modo
486 406 665 457 sollicite,
688 413 814 448 cesset
833 407 958 457 fraus,
978 418 1088 447 arma
1109 406 1302 456 ferantur,

283 481 398 519 Justa
412 479 491 519 acie
511 479 625 520 liceat
645 480 764 533 plano
784 480 994 532 confligere
1018 491 1172 531 campo.
1483 483 1560 521 (3025

283 550 356 590 Vel
375 550 457 590 nati
477 562 542 590 me
557 551 656 591 fallit
672 563 798 601 amor,
822 551 885 592 vel
906 551 991 591 dira
1010 551 1164 591 videbis

286 621 437 672 Prrelia,
459 626 498 662 et
515 621 688 662 infames
710 622 909 676 aequantia
930 622 1096 663 vulnera
1117 624 1288 664 Cannas.

285 694 450 735 Divinos
469 695 563 734 novi
587 695 674 747 ipsa
694 695 850 735 animos
875 694 1132 747 humanaque
1153 695 1290 736 subter

285 767 428 806 Omnia
453 771 677 816 cernentes,
698 778 779 807 non
800 766 906 818 quod
926 765 1024 804 mihi
1045 765 1178 807 fabula
1207 768 1349 807 mundi

286 837 525 878 persuadeat
547 843 687 878 natum
710 850 797 878 esse
816 840 960 886 Deum,
982 836 1072 878 licet
1092 837 1274 891 improba
1294 838 1413 879 fando
1485 842 1562 879 636

286 910 438 950 Excitet
457 910 669 960 invidiam,
693 911 827 951 divino
852 915 977 952 tentet
994 911 1148 951 honore

285 982 511 1032 Praedones,
537 982 627 1022 lieet
645 983 732 1034 ipsa
750 994 842 1022 suos
866 983 1064 1023 celebrare
1093 983 1263 1035 Deisque

284 1054 548 1103 Adnumeret,
570 1053 671 1093 mihi
694 1052 862 1094 sufficiat
884 1054 1001 1094 decor
1021 1054 1086 1094 illo
1105 1054 1282 1094 virorum

286 1125 415 1177 Scipio
435 1126 732 1177 magnanimus,
757 1125 933 1166 similem
951 1125 1012 1165 cui
1029 1125 1139 1165 nulla
1158 1125 1338 1166 tulerunt

284 1199 496 1249 Tempora,
518 1196 629 1236 nulla
648 1196 791 1237 ferent.
815 1199 903 1237 Non
926 1197 1010 1238 liaec
1029 1209 1094 1238 nie
1119 1210 1214 1238 vera
1236 1198 1389 1250 negabo
1486 1201 1564 1239 (335

287 1269 469 1318 Credere,
490 1281 634 1321 nempe
652 1269 807 1309 animos
826 1269 1005 1310 divinam
1019 1270 1233 1310 accendere
1253 1275 1429 1310 mentem

287 1341 410 1391 Illius,
432 1353 475 1381 ac
495 1341 651 1381 nullum
678 1341 763 1381 sine
782 1341 948 1382 numine
967 1354 1084 1394 posse
1109 1341 1283 1394 benigno

288 1413 498 1465 Egregium
519 1425 607 1453 reor
632 1425 718 1453 esse
741 1412 888 1453 virum.
912 1415 1000 1453 Non
1019 1418 1124 1454 astra
1143 1414 1332 1454 morabor

287 1484 487 1537 Amplius,
505 1489 573 1525 aut
593 1490 686 1525 nato
706 1484 839 1525 faveas
861 1492 930 1526 aut
952 1486 1132 1537 partibus
1154 1486 1278 1538 aequis

287 1558 354 1596 Sta
373 1556 545 1606 medius,
571 1556 837 1609 fraudemque
859 1562 976 1607 veta3
1001 1557 1033 1597 si
1050 1558 1213 1598 cesserit
1232 1557 1312 1605 illa,
1488 1560 1566 1598 610

290 1628 467 1668 Vicimus
485 1628 592 1668 haud
614 1628 748 1679 dubie,
770 1629 838 1669 sed
862 1629 970 1669 enim
990 1629 1299 1681 Junoniajactat

289 1700 483 1752 Hospitio,
510 1704 548 1740 et
567 1701 740 1752 Superos
759 1700 833 1740 hac
852 1705 985 1753 sperat
1008 1713 1101 1741 voce
1127 1712 1303 1741 movere.

289 1770 468 1821 Fallitur,
491 1771 656 1811 insanit.
682 1773 767 1812 Stet
796 1783 955 1824 semper
976 1772 1082 1812 nube
1115 1772 1189 1812 sub
1217 1772 1291 1812 ista

289 1842 361 1882 Vel
387 1842 522 1892 simili,
544 1843 742 1896 stabitque
763 1844 950 1896 equidem
970 1844 1086 1895 mihi,
1109 1844 1276 1897 pulchra
1295 1845 1492 1885 Tonantis

290 1914 456 1966 Tarpeio
476 1918 553 1955 stat
575 1914 674 1954 colle
696 1915 856 1965 domus,
874 1915 935 1955 cui
955 1915 1074 1955 thura
1093 1928 1308 1968 precesque
1488 1920 1565 1957 615

291 1985 531 2037 Deferimus,
554 1986 622 2027 sed
641 1986 715 2026 rite
735 1987 891 2027 utinam
910 1988 988 2039 pia,
1016 1999 1124 2028 sacra
1147 1988 1288 2028 docere

339 2130 413 2162 626.
432 2130 515 2163 Mira
534 2131 567 2163 in
587 2132 639 2163 cd.
662 2131 751 2169 Bas.,
769 2131 841 2163 dira
861 2132 893 2163 in
919 2142 979 2163 ms.
1003 2133 1042 2162 Α.

337 2188 413 2218 629.
437 2187 527 2229 Vulqi
547 2197 603 2228 pro
623 2187 738 2219 mundi
758 2188 791 2219 in
813 2197 873 2219 ms.
897 2188 931 2220 E.

338 2245 412 2274 631.
435 2243 565 2276 Eoecitat
586 2245 619 2276 in
640 2246 692 2276 ed.
712 2245 801 2282 Bas,
823 2245 941 2277 excitet
963 2244 994 2275 in
1014 2243 1165 2276 omuibus
1183 2253 1242 2275 ms.

337 2302 412 2331 639.
436 2300 584 2333 Patribus
604 2301 637 2332 iu
659 2302 712 2333 ed.
734 2302 823 2340 Bas,
839 2301 988 2342 partibus
1008 2301 1039 2332 in
1063 2310 1125 2332 ms.
1144 2302 1180 2339 Α,
1200 2301 1235 2340 Β,
1257 2301 1291 2340 C,
1314 2301 1349 2340 D,
1374 2302 1407 2333 F.

338 2359 413 2388 613.
435 2357 506 2390 Stat
527 2358 559 2389 in
580 2359 632 2390 ed.
656 2359 742 2397 Bas,
762 2361 823 2390 stet
844 2358 876 2390 iu
900 2359 1053 2390 omnibus
1071 2368 1131 2389 ms.

338 2414 415 2444 6111.
435 2413 540 2446 Stabit
558 2414 591 2446 in
612 2416 664 2446 ed.
686 2415 773 2454 Bas„
791 2415 950 2456 stabitque
971 2415 1002 2447 iu
1024 2425 1088 2447 ms.
1106 2416 1144 2454 Α,
1165 2415 1202 2453 Β,
1223 2416 1258 2453 C,
1281 2416 1317 2454 D,
1339 2416 1373 2447 E.

338 2471 414 2501 645.
435 2470 504 2502 Stet
525 2470 557 2502 iu
579 2472 631 2503 ed.
654 2472 744 2510 Bas„
763 2475 827 2504 stat
847 2472 879 2503 in
901 2473 1053 2504 omnibus
1073 2482 1133 2503 ms.

339 2528 413 2558 646.
437 2526 598 2569 Sacraque
617 2528 649 2559 in
666 2529 718 2561 ed.
735 2529 822 2568 Bas„
841 2539 934 2562 sacra
955 2530 986 2561 iu
1007 2529 1157 2562 omnibus
1177 2539 1238 2562 ms.
