1865 2959
869 292 909 297 -
939 271 1008 306 <185
1033 292 1078 297 ——

338 355 506 396 Videris.
527 370 544 392 »
572 356 662 394 Haec
679 354 784 395 inter
813 354 998 408 lacrymis
1019 354 1259 407 perfundere
1278 359 1426 395 terram
1537 358 1613 396 105

336 429 530 478 Coeperat,
554 426 702 465 auratis
726 425 916 478 suffigens
943 427 1077 466 oscula
1096 426 1259 478 plantis.

308 507 310 509 ’
336 501 550 538 Immemor
567 509 770 537 armorum
787 497 965 548 juvenis,
991 497 1052 536 cui
1075 497 1238 537 Martius
1259 497 1375 537 ardor

335 568 557 617 Exciderat,
579 568 868 620 gravidumque
891 580 1005 608 novae
1026 551 1237 607 dulcedine
1258 567 1395 609 formae

337 643 492 689 Pectus,
514 645 552 679 et
575 639 747 679 insolitis
766 639 958 679 ardebant
980 645 1137 692 pectora
1157 640 1345 689 flammis,

337 711 548 762 Suspirans
574 725 581 749 :
613 726 629 747 «
658 711 820 763 Regina,
844 723 996 763 precor,
1016 713 1101 763 Jam
1119 711 1308 761 luctibus,
1335 712 1480 764 inquit,
1534 715 1608 752 ΜΟ

336 785 442 821 Pone
467 782 647 831 niodum,
671 782 953 834 trepidumque
977 782 1111 822 animo
1134 783 1292 822 seclude
1317 795 1518 835 pavorem.

336 856 458 893 Parva
479 853 595 905 petis,
617 854 685 893 sed
703 865 847 906 magna
866 854 969 894 feres
993 868 1000 893 :
1028 865 1121 893 nam
1145 854 1273 893 forma
1292 866 1512 906 genusque,

333 927 597 977 Majestasque
618 925 741 964 animi
763 925 924 977 dignam
949 925 1008 964 cui
1038 925 1152 977 plura
1173 925 1307 977 petitis

332 997 489 1048 Largiar
508 996 731 1036 insinuant.
754 997 892 1048 Igitur,
915 997 1065 1049 regina,
1086 997 1270 1037 manebis

331 1070 380 1107 Et
406 1068 532 1107 nostri
558 1068 820 1107 memoranda
839 1068 914 1107 tori
939 1080 1009 1120 per
1025 1068 1167 1108 sarcula
1192 1079 1369 1117 consors,
1533 1071 1608 1109 115

332 1140 376 1179 Ni
398 1139 549 1188 renuis,
573 1144 789 1191 nostroque
811 1145 927 1178 nocet
949 1144 1063 1179 vetus
1085 1139 1202 1178 ardor
1219 1139 1360 1178 amori.
1381 1155 1398 1175 »

333 1211 404 1251 Hic
424 1211 618 1250 humilem
640 1210 872 1262 complexus
893 1210 1047 1260 heram,
1077 1210 1331 1263 multumque
1354 1211 1505 1263 (linque

333 1283 409 1322 Ora
430 1281 643 1322 salutiferis
665 1281 905 1322 referentem
923 1282 1053 1322 tristia
1072 1281 1218 1334 plantis

334 1353 521 1394 Sublevat
538 1353 808 1405 illacrymans.
836 1354 951 1394 Unde
977 1354 1054 1393 ista
1075 1354 1254 1405 potentia
1281 1365 1380 1393 caeco

332 1427 459 1465 Tanta
477 1426 587 1465 Deo?
606 1427 834 1464 Tantumne
856 1425 984 1465 levem
1006 1425 1180 1465 valuisse
1208 1425 1454 1477 pharetram,
1531 1427 1606 1464 ‹1-20

334 1498 384 1537 Ut
398 1498 511 1548 jecur
530 1497 666 1536 invicti
687 1509 758 1548 per
780 1502 839 1536 tot
864 1496 945 1537 fera
966 1497 1100 1549 praelia
1120 1496 1224 1549 regis

331 1567 504 1608 Vulnere
523 1570 735 1620 trajectum
757 1569 867 1608 tenui
888 1573 1161 1620 prosterneret
1180 1568 1285 1608 intra

329 1639 567 1679 Femineum
587 1640 800 1692 imperium
818 1641 836 1679 ¹?
858 1640 981 1679 Vultu
1002 1640 1165 1679 tandem
1187 1639 1253 1679 illa
1271 1640 1438 1679 remisso

331 1711 471 1763 Incipit
492 1725 499 1750 :
528 1728 544 1747 α
566 1713 596 1751 Ο
618 1723 756 1763 regum
777 1712 965 1751 decus...
988 1711 1263 1763 auxiliumque

329 1785 432 1822 Dum
461 1783 606 1822 meruit
628 1783 778 1835 patriae,
807 1795 915 1822 nunc
943 1789 1067 1822 terror
1090 1783 1290 1822 maximus
1311 1783 1434 1831 idem,
1532 1785 1607 1821 2125

332 1854 370 1894 Si
396 1866 482 1894 inea
502 1860 590 1906 post
619 1860 751 1894 tantos
773 1866 949 1907 unquam
974 1866 1213 1906 consurgere
1239 1854 1374 1906 lapsus

331 1927 426 1965 Fata
450 1932 611 1978 queant,
636 1938 805 1978 spesque
824 1938 903 1966 una
922 1925 1023 1965 foret
1047 1931 1136 1978 post
1156 1926 1303 1965 damna
1323 1931 1539 1977 superstes,

331 1996 434 2045 Quid
454 1997 554 2036 milii
579 1997 640 2037 vel
662 1998 777 2050 longa
806 1998 936 2050 potius
954 1998 1185 2050 contingere
1208 1998 1288 2037 vita

331 2068 491 2117 Laetius,
513 2069 561 2108 ad
581 2070 699 2109 talem
726 2082 845 2122 quam
866 2070 897 2109 si
919 2070 1113 2110 translata
1129 2070 1316 2109 maritum

332 2142 514 2189 Ducerer,
539 2146 577 2180 et
595 2141 724 2181 fausta
743 2142 873 2181 subito
895 2141 1065 2181 crevisse
1087 2141 1234 2181 ruina?
1530 2143 1605 2180 130

330 2211 406 2251 Sed
425 2212 519 2263 quia
536 2211 615 2252 fata
635 2219 839 2265 premunt,
862 2218 900 2253 et
921 2213 1069 2253 nostris
1090 2212 1248 2252 debitus
1272 2212 1390 2252 annis

372 2374 450 2404 120.
476 2372 652 2405 Tantumve
670 2373 701 2404 in
720 2383 781 2405 ms.
805 2374 842 2411 A,
858 2376 1054 2414 tantumque
1075 2373 1106 2404 in
1129 2382 1191 2404 ms.
1210 2374 1245 2410 B,
1263 2374 1297 2410 C,
1318 2373 1353 2404 D.

374 2429 448 2460 124.
472 2430 506 2460 In
527 2440 588 2460 rus.
611 2431 632 2460 Α
656 2430 741 2461 inter
758 2430 853 2462 decus
873 2434 904 2461 et
923 2431 1087 2461 auzilium
1108 2433 1156 2461 est
1181 2430 1324 2470 spatium
1348 2438 1499 2466 vacuum,
1531 2439 1603 2460 cum

329 2486 389 2517 hac
410 2487 536 2526 postilla
555 2486 588 2517 in
606 2487 753 2528 margine
773 2497 780 2517 :
806 2487 964 2519 Ponerem
985 2488 1109 2528 inqens.

376 2544 450 2573 130.
474 2543 606 2574 Dicerer
626 2543 658 2574 in
677 2544 728 2574 ed.
752 2544 842 2582 Bas„
865 2543 999 2575 ducerer
1022 2544 1051 2574 in
1075 2554 1136 2575 ms.
1158 2545 1194 2582 A,
1217 2545 1253 2582 Β,
1275 2545 1310 2583 C,
1332 2546 1369 2582 D,
1391 2545 1425 2576 F.
