1865 2959
854 265 1066 301 —388—

319 348 419 388 mihi
454 349 633 401 contigit,
667 348 788 389 frater
813 350 978 402 optime.
1001 352 1106 390 Ante
1138 351 1244 390 enim
1275 364 1394 404 quam
1428 352 1601 394 Africam

318 421 571 473 recepissem,
597 421 806 462 volvebam
834 433 991 462 mecum
1012 436 1020 462 ;
1053 422 1154 471 Quid
1187 423 1334 464 lacios?
1358 427 1456 465 Eece
1482 428 1602 467 Fran·

318 493 409 533 cisci
430 493 488 533 tui
510 504 658 533 nomen
680 498 718 533 et
749 492 856 534 fama
880 495 922 533 in
944 494 1133 534 manibus
1166 496 1246 535 tuis
1275 496 1362 536 erit.
1392 498 1599 546 Quomodo

316 564 500 605 consules
520 565 607 604 illi?
627 566 741 605 Certe
761 565 982 617 cogitabam
1001 566 1180 606 revidere
1196 567 1360 617 librum,
1379 574 1417 608 et
1437 570 1466 608 si
1486 570 1596 622 quid,

315 644 358 678 ut
392 638 547 687 scribis,
582 638 646 678 vel
664 638 880 688 absonum,
913 638 975 678 vel
1005 644 1144 679 contra
1178 645 1400 680 metrorum
1419 641 1596 693 regulam

313 710 563 751 intolerabile
597 710 971 763 deprehendissem,
1006 711 1203 751 curiosius
1229 712 1391 753 elimare
1423 719 1459 753 et
1497 714 1598 754 sicut

312 785 416 823 Naso
437 782 554 822 finxit
580 783 622 822 in
643 783 830 833 AEnoida,
864 783 1042 835 singulos
1072 783 1197 823 libros
1222 785 1359 836 paucis
1390 786 1597 826 versiculis

312 855 425 908 quasi
460 856 503 895 in
532 855 758 908 argumenti
801 855 972 896 formam
1025 856 1264 897 brevissime
1302 869 1522 908 resumere,
1558 863 1596 898 ct

311 927 454 967 exinde
475 927 658 979 pluribus
695 928 868 981 sumptis
898 928 1109 981 exemplis,
1139 934 1177 968 et
1202 940 1272 981 per
1290 930 1489 981 meipsum
1513 943 1597 971 cor-

309 1001 428 1040 rectis
448 1005 485 1041 et
503 1000 714 1053 diligenter
744 1002 886 1042 revisis
906 1013 1034 1042 unum
1059 1002 1109 1042 ad
1142 1003 1397 1043 Bononiense
1424 1016 1593 1056 gymna-

310 1073 430 1124 sium,
450 1085 579 1113 unum
597 1073 773 1123 Parisiis,
803 1085 933 1114 unum
956 1074 999 1113 in
1027 1074 1213 1126 Angliam
1246 1086 1337 1115 cum
1372 1088 1462 1117 mea
1491 1077 1593 1129 epis-

308 1144 388 1185 tola
408 1145 457 1185 de
470 1144 560 1185 libri
579 1145 767 1186 laudibus
788 1145 1007 1193 destinare,
1028 1151 1066 1186 et
1087 1158 1215 1186 unum
1235 1147 1277 1186 in
1297 1147 1501 1188 Florentia
1525 1161 1593 1201 po-

308 1228 403 1257 nere
417 1217 459 1256 in
479 1216 563 1257 loco
589 1217 749 1268 celebri,
772 1222 816 1257 ut
836 1230 907 1270 per
935 1230 1078 1258 omnes
1111 1219 1253 1258 mundi
1277 1219 1412 1272 plagas
1432 1225 1590 1260 tantum

307 1301 408 1342 opus
438 1289 620 1342 tantique
649 1290 751 1330 vatis
782 1301 932 1330 nomen
976 1290 1351 1342 splendidissimum
1391 1291 1587 1332 volitaret.

305 1362 418 1402 Hanc
450 1361 781 1402 deliberationem
809 1362 888 1411 lex,
920 1373 1041 1414 quam
1069 1361 1169 1401 mihi
1202 1362 1357 1413 scribis,
1397 1368 1436 1403 et
1468 1376 1589 1415 quam

305 1433 476 1474 transire
494 1445 568 1474 nec
596 1433 685 1474 volo
714 1445 787 1474 nec
817 1434 943 1474 audeo
960 1466 969 1483 ,
992 1433 1071 1473 nisi
1106 1433 1221 1474 aliter
1248 1434 1452 1487 disponas,
1483 1435 1590 1475 inhi-

303 1506 405 1546 buit.
435 1507 513 1547 Sed
537 1518 642 1559 pone
663 1512 701 1546 te
729 1495 831 1546 velle
851 1506 959 1559 quod
989 1518 1059 1558 per
1077 1518 1222 1546 manus
1250 1518 1359 1547 meas
1387 1507 1487 1548 liber
1509 1507 1588 1549 hu-

298 1579 479 1631 J'usmodi
511 1578 751 1631 publicetur.
781 1580 840 1618 Me
877 1578 1092 1618 miseruml
1116 1579 1207 1630 Legi
1241 1584 1372 1619 totum
1407 1591 1584 1630 carmen,

303 1651 411 1704 quod
443 1649 543 1690 mihi
572 1650 761 1691 undecim
794 1650 1045 1703 quaternulis
1077 1651 1359 1701 transmisisti,
1388 1650 1463 1704 legi
1502 1652 1587 1705 qui·

302 1723 394 1764 dem
420 1728 553 1763 totum
584 1722 667 1763 solo
696 1723 897 1763 trinoctio.
926 1724 1029 1762 Nam
1067 1722 1245 1763 interdiu
1274 1727 1438 1775 propter
1467 1722 1584 1764 officii

301 1795 597 1848 occupationeS,
621 1807 709 1848 quae
739 1795 859 1835 etiam
891 1794 1128 1847 plerumque
1155 1795 1204 1834 ad
1230 1794 1446 1846 plurimam
1489 1807 1584 1836 noc-

299 1872 382 1908 tem
411 1868 585 1918 instant,
614 1868 779 1907 omnino
809 1879 892 1907 non
923 1867 1048 1907 licuit.
1083 1867 1175 1919 Legi
1213 1867 1378 1919 quidem
1408 1867 1582 1908 admira-

297 1939 461 1980 bundus
488 1939 728 1992 elegantiam
762 1939 952 1979 carminis
983 1940 1318 1991 majestatemque
1357 1940 1580 1990 sermonis,

297 2013 535 2064 gravitatem
560 2012 851 2052 sententiarum
882 2016 921 2051 et
953 2011 1090 2063 ipsum
1116 2011 1240 2051 totius
1264 2011 1460 2063 poematis
1480 2011 1582 2051 ordi-

297 2097 392 2126 nem
413 2090 452 2125 et
476 2090 728 2133 contextum,
748 2083 955 2136 fateorque
972 2095 1038 2123 me
1070 2083 1172 2123 nihil
1202 2095 1384 2135 unquam
1403 2084 1578 2135 gravius,

298 2157 399 2197 nihil
419 2157 614 2207 floridius,
638 2156 820 2208 nihilque
847 2155 1020 2208 denique
1050 2154 1200 2207 gratius
1236 2155 1465 2207 perlegisse.
1501 2155 1580 2195 Sed

297 2229 345 2269 de
370 2228 447 2269 hoc
466 2228 576 2268 alias.
597 2230 688 2269 Jam
706 2228 814 2268 enim
839 2227 1032 2279 attingam
1058 2226 1155 2279 quid
1176 2238 1242 2267 me
1270 2226 1313 2266 in
1335 2226 1577 2279 desperatio-

296 2312 392 2341 nem
413 2307 451 2341 et
470 2301 602 2341 luctus
623 2305 794 2341 aeternos
821 2299 1005 2340 involvit.
1034 2298 1163 2339 Habet
1185 2299 1340 2351 primus
1372 2304 1409 2339 et
1439 2310 1578 2339 socun-

295 2373 372 2412 dus
389 2372 490 2412 liber
501 2372 699 2424 Scipionis
729 2371 912 2411 mirabile
943 2371 1164 2421 somnium,
1187 2370 1295 2422 quod
1323 2370 1477 2422 apicem
1498 2370 1577 2409 his-

295 2445 403 2484 toriae
428 2447 617 2485 Romame
641 2456 876 2497 percurrens
896 2448 1094 2495 quantum
1108 2443 1368 2495 expositionis
1383 2442 1575 2482 volumen

292 2516 421 2568 exigat
443 2516 611 2568 quilibet
630 2515 776 2556 harum
809 2526 944 2555 rerum
967 2514 1173 2555 studiosus
1191 2519 1324 2565 potest
1351 2514 1571 2553 advertere.
