1865 2959
647 554 863 594 LIBER
917 555 1273 602 QUINTUS.

886 683 1026 691 —-—

731 875 1079 908 ARGUMENTUM
1111 860 1177 907 (1),

445 999 563 1031 Moenia
581 999 815 1041 magnanimus
833 1000 916 1030 victo
934 1001 1069 1040 regnata
1089 998 1229 1039 Syphaci

444 1056 633 1088 Massinissa
652 1057 750 1088 subit.
774 1056 868 1088 Venit
887 1056 975 1088 ilicet
994 1056 1088 1087 obvia
1111 1055 1232 1096 conjux

440 1113 540 1154 Regis
559 1113 681 1154 captivi
702 1114 864 1155 lacrymas
884 1113 1030 1153 profusa,
1049 1113 1108 1144 sed
1131 1112 1220 1144 inter

443 1171 607 1211 Angorem
626 1170 744 1202 mirum
763 1171 912 1202 reserens
933 1170 1049 1211 regina
1073 1171 1226 1202 nitorem.

443 1227 532 1258 Hanc
552 1227 614 1258 sibi
631 1227 708 1268 jure
722 1227 784 1258 tori
800 1227 933 1268 juvenis
950 1228 1132 1267 despondet
1152 1227 1272 1258 amoris

443 1283 645 1324 Impatiens3
667 1284 820 1325 gravibus
841 1294 938 1324 quem
962 1285 1083 1315 mulcet
1104 1284 1211 1324 Scipio
1232 1283 1340 1316 verbis

442 1340 610 1382 Captivam
628 1343 802 1381 repetens3
826 1340 904 1372 fidei
925 1350 1050 1372 memor
1071 1340 1127 1372 ille
1152 1341 1278 1373 maritae

440 1398 541 1429 Multa
556 1398 611 1429 diu
629 1401 766 1438 questus
785 1398 921 1429 letantia
943 1407 1082 1430 munera
1103 1397 1213 1429 mittit.

439 1456 517 1494 Quae
536 1464 612 1487 cum
633 1455 773 1496 sumpsit
791 1465 921 1493 amanS,
945 1456 1053 1487 lucem
1075 1455 1246 1497 indignata
1268 1454 1414 1495 reliquit.

306 1559 451 1600 Moenia
476 1560 761 1612 magnanimus
780 1560 905 1600 victor
927 1559 1171 1612 trepidantia
1191 1559 1337 1600 Cirthae

304 1631 544 1684 Ingreditur,
567 1632 797 1685 patriosque
816 1632 919 1672 lares
938 1637 977 1672 et
995 1632 1099 1672 avita
1120 1637 1255 1672 tuetur

302 1705 423 1744 Tecta
441 1703 588 1754 libens,
611 1704 768 1756 generis
787 1715 876 1744 cara
894 1703 1138 1743 incunabula
1153 1704 1290 1756 primi.

300 1776 423 1816 Milite
444 1774 658 1817 confestim
680 1776 728 1816 ad
755 1781 890 1828 portas
909 1776 1075 1816 custode
1095 1775 1249 1825 relicto,

347 1903 395 1944 (1)
415 1903 438 1933 E
459 1912 520 1934 ms,
543 1904 569 1934 Α
588 1904 793 1943 excerptum.
814 1903 880 1935 Hoc
901 1902 991 1934 aliud
1007 1902 1040 1934 in
1059 1903 1113 1934 ed.
1137 1903 1251 1935 Venet.
1276 1902 1399 1944 legitur
1418 1912 1425 1933 τ

435 1959 551 1991 Moenia
573 1959 805 2001 magnanimus
825 1959 927 1991 victor
944 1959 1144 2000 trepidantia
1165 1960 1283 1991 Cirthae

437 2017 622 2049 Massinissa
635 2017 742 2057 capit3
767 2017 823 2048 sed
847 2017 936 2048 enim
961 2018 1150 2048 malesanus
1171 2018 1210 2048 ab
1234 2017 1308 2058 igne

434 2074 583 2114 Carpitur
603 2075 754 2111 occulto;
779 2075 911 2105 tandem
929 2074 1074 2115 genialia
1092 2074 1176 2106 festa

434 2131 555 2170 Sponte
571 2140 630 2162 sua
649 2131 983 2171 celebratjurataque
1001 2130 1124 2162 foedera
1143 2130 1264 2162 firmat.

435 2188 562 2219 Interea
579 2188 664 2220 laetae
683 2188 829 2219 vinctum
849 2197 906 2228 per
922 2191 1029 2219 castra
1049 2188 1231 2229 Syphacem

433 2247 618 2285 Aspernare
639 2243 678 2286 (ἲ)
701 2245 787 2276 acies
805 2244 884 2276 clari
905 2244 1013 2276 ducis.
1034 2244 1091 2275 lllc
1113 2245 1263 2276 modesto

431 2302 574 2344 (instigat
594 2311 707 2344 regern
728 2303 866 2343 placidis
884 2306 914 2334 et
937 2304 1071 2342 pectora
1093 2302 1233 2340 mulcet,

430 2358 612 2391 Ostendens
632 2359 710 2399 quid
732 2361 835 2391 Roma
857 2359 958 2397 velit3
981 2359 1043 2390 sibi
1061 2359 1215 2390 conscius
1237 2358 1307 2398 ipse

433 2417 549 2448 Pocula
570 2418 626 2448 dat
645 2427 738 2449 servo
759 2416 900 2448 domina]
920 2416 1004 2447 serat
1025 2416 1088 2447 uda
1109 2425 1248 2447 veneno.

431 2473 490 2504 Illa
510 2474 591 2505 bibit
610 2483 750 2514 propere
767 2475 944 2513 lucemque
964 2475 1078 2504 coacta
1100 2472 1247 2512 reliquit.

342 2531 374 2562 2.
397 2529 526 2562 Primos
545 2531 577 2562 in
592 2532 644 2563 ed.
662 2532 750 2570 Bas,
769 2531 895 2573 patrios
918 2530 950 2561 in
975 2530 1128 2561 omnibus
1144 2539 1207 2561 ms.
