1865 2959
825 204 868 210 —
895 185 965 220 2⁷16
992 207 1036 210 —

287 269 476 309 Feminea
498 273 536 308 et
553 268 653 308 nulli
670 280 752 308 non
769 269 1006 309 admiranda
1026 270 1219 310 virorum.
1519 275 1572 313 80

285 341 415 394 Scipio
433 346 695 393 permetuens
711 341 875 393 juvenis
899 354 947 382 ne
969 341 1139 382 forsitan
1160 343 1306 383 ardens

286 415 400 454 Nune
421 413 543 453 etiam
559 413 709 465 gemini
727 413 888 454 sceleris
910 414 985 453 sibi
1007 415 1191 455 conscius
1211 415 1255 455 in
1276 428 1317 456 se

286 486 477 526 Consulat
501 485 682 538 asperius
701 486 917 538 quicquam
943 498 1013 538 pro
1034 491 1232 540 tempore,
1255 487 1414 528 blandis

285 558 437 610 Mitigat
456 557 655 610 alloquiis,
683 558 1006 610 castigatumque
1032 559 1214 599 modeste

286 631 515 682 Temperat,
542 635 581 670 et
598 630 704 670 curis
726 630 835 682 cupit
860 642 1077 670 exonerare
1095 631 1297 684 malignis.
1523 634 1574 672 85

289 702 476 742 Proxima
496 702 551 742 sic
572 702 684 742 dubii
703 702 885 742 medicus
905 702 1138 742 discrimina
1152 703 1281 743 morbi

286 774 520 825 Agnoscens
541 784 693 825 regrum
714 772 869 824 placido
892 784 1078 814 sermone
1096 780 1290 824 moratur,

288 847 343 885 Ac
362 849 514 894 monet,
534 850 573 884 et
593 845 742 897 proprii
761 845 1045 885 immemorem
1066 846 1161 886 velit
1182 858 1269 886 esse
1289 847 1437 899 pericli.

287 916 421 956 Altera
441 928 523 957 nox
551 916 704 957 fessum
729 917 834 957 curis
853 917 1095 970 vigilemque
1116 930 1257 970 sopore

288 989 478 1029 Reddidit
499 1000 666 1029 aurorae.
691 991 781 1030 Jam
802 989 959 1030 Lucifer
984 995 1090 1030 astra
1107 990 1315 1042 premebat
1526 994 1578 1031 90

288 1061 479 1110 Candida,
499 1062 665 1114 jamque
686 1062 770 1102 dies
789 1062 929 1114 pelago
950 1062 1137 1102 veniebat
1157 1062 1205 1102 ab
1228 1063 1324 1103 Indo
1342 1077 1350 1111 ;

287 1134 376 1172 Jam
397 1132 606 1173 volucrum
624 1133 760 1174 dulces
781 1133 861 1174 ullo
884 1134 970 1174 sine
987 1133 1066 1174 fine
1081 1134 1253 1187 querelae

289 1205 446 1254 Audiri,
469 1211 506 1246 et
527 1210 725 1246 nocturna
745 1206 905 1246 silentia
923 1219 1111 1259 rumpere
1127 1209 1296 1259 Progne.

290 1277 423 1329 Surgit
443 1283 481 1317 et
502 1276 649 1318 effusas
665 1280 780 1330 Jusso
801 1290 987 1330 praecone
1008 1284 1186 1319 catervas

290 1352 525 1401 Congregat,
546 1362 589 1390 ac
609 1350 741 1390 medio
763 1350 949 1390 sublimis
970 1350 1019 1391 ab
1040 1351 1200 1403 agmine
1220 1350 1326 1392 satur
1349 1366 1357 1391 ;
1528 1355 1580 1392 95

297 1437 314 1458 «
334 1422 505 1462 Romani
524 1434 708 1474 proceres
733 1421 863 1463 felicia
885 1423 998 1475 signa
1019 1425 1144 1464 secuti

291 1494 484 1544 Victores,
506 1507 606 1547 quos
630 1496 832 1548 Hesperiae
858 1501 913 1536 tot
938 1508 1078 1549 pressa
1103 1509 1175 1550 per
1193 1510 1321 1539 annos

292 1568 414 1606 Terra
432 1567 539 1616 tulit,
563 1579 663 1620 quos
682 1568 912 1608 innumeris
932 1581 1042 1610 nunc
1062 1569 1195 1611 Africa
1220 1571 1342 1611 sentit

291 1638 480 1679 Cladibus
499 1640 690 1680 extremis
707 1641 874 1693 jamjam
896 1653 1065 1682 sensura
1085 1644 1230 1693 ruinis,

294 1713 472 1750 lntentas
492 1712 679 1752 adhibete
696 1724 810 1753 aures
830 1719 867 1753 et
887 1714 1005 1754 corda
1030 1715 1205 1766 precanti
1512 1720 1582 1757 100

295 1784 423 1822 Prona
445 1783 549 1823 duci.
571 1785 632 1824 Me
655 1797 747 1825 vera
766 1785 931 1837 quidem
957 1790 995 1826 et
1022 1793 1225 1839 comperta
1249 1789 1393 1840 profari

292 1855 422 1894 Testis
442 1856 490 1895 ab
512 1856 666 1897 excelso
686 1863 944 1910 prospectans
967 1859 1152 1911 Juppiter
1177 1864 1277 1899 esto.

292 1927 425 1967 Gloria
448 1933 531 1968 tam
557 1928 666 1981 longi
686 1941 894 1982 nunquam
917 1931 1017 1970 mihi
1046 1943 1149 1972 vana
1167 1931 1314 1972 laboris

295 2002 422 2040 Causa
441 2013 515 2041 nec
534 2001 691 2054 imperii
710 2001 832 2043 fuerit
852 2003 1048 2044 damnosa
1068 2004 1208 2053 libido,

341 2190 395 2220 812.
413 2189 546 2222 Nemini
566 2190 597 2221 iu
616 2191 670 2222 ed.
688 2191 776 2229 Bas.,
790 2192 914 2232 (semini
931 2191 965 2222 in
983 2191 1137 2223 omnibus
1158 2200 1219 2223 ms.
1237 2202 1245 2229 3
1268 2193 1302 2223 in
1322 2200 1354 2223 se
1372 2191 1403 2222 iu
1423 2192 1475 2224 ed.
1491 2192 1577 2229 Bas,

293 2248 361 2289 ipse
379 2246 411 2278 in
432 2256 492 2278 τηε.
516 2248 555 2278 Α.

340 2305 394 2336 90.
417 2303 535 2336 Amore
556 2305 589 2336 in
610 2306 661 2337 ed.
685 2306 774 2344 Bas„
796 2314 925 2337 auroroe
946 2305 980 2336 in
1001 2305 1155 2337 omnibus
1176 2315 1237 2337 ms.

341 2364 397 2393 93.
418 2361 532 2393 Audin
554 2362 586 2393 in
608 2363 660 2393 ed.
684 2363 775 2402 Bas.,
796 2362 908 2394 audiri
929 2362 960 2393 in
980 2372 1041 2394 ms.
1064 2365 1101 2399 A,
1126 2363 1160 2400 B,
1182 2363 1268 2401 C,E,
1293 2363 1325 2394 F.

341 2420 396 2449 95.
420 2417 534 2450 Frater
554 2419 586 2450 in
607 2420 660 2451 ed.
682 2420 770 2456 Bas„
791 2419 882 2460 fatur
900 2419 932 2450 in
956 2429 1018 2451 ins.
1040 2421 1078 2456 Α,
1103 2421 1137 2458 13,
1158 2420 1193 2455 C,
1219 2420 1254 2457 Ε,
1277 2420 1311 2452 F.

343 2477 396 2512 2³0.
419 2476 473 2507 llie
495 2485 607 2507 volsus
623 2478 715 2508 deest
733 2476 766 2508 in
788 2485 849 2507 ms.
872 2476 923 2515 Es,
939 2479 1048 2508 castra
1070 2476 1101 2508 in
1122 2477 1174 2508 ed.
1195 2477 1284 2515 Bas.,
1303 2477 1396 2519 siqua
1411 2477 1446 2508 in
1461 2487 1521 2508 nis.
1544 2483 1577 2509 Α.
