1865 2959
852 262 994 297 -384
1023 281 1063 287 -

314 347 458 388 Nubila
482 347 581 388 dum
603 347 763 388 videam
781 350 871 399 post
892 351 1002 398 terga
1021 345 1190 398 rigentia
1210 346 1411 387 mundum

314 419 481 459 AEthera
503 431 576 459 nec
595 430 779 472 paveam.
800 417 915 458 Micat
938 417 1003 457 hic
1023 428 1116 458 cum
1137 416 1295 470 fulgure
1318 418 1437 458 rubro

316 493 363 531 Et
383 503 529 531 raucus
547 491 700 532 tonitru
720 502 912 531 resonum
937 489 1160 530 tremefecit
1181 489 1413 543 Olympum.

368 564 570 603 Hactenus
594 563 769 603 {ethereo
791 562 872 602 dixi
895 574 1096 611 sermone,
1123 561 1255 602 Coluci
1278 576 1286 601 :

314 637 428 675 Nunc
448 635 627 675 humana
647 641 753 676 tene.
776 638 948 687 Loquar,
971 646 1021 674 en
1042 634 1208 687 quaesita
1222 634 1436 675 resolvam.

314 706 439 747 Multa
464 707 718 760 querelarum
738 707 871 759 prodit
892 711 959 746 tua
983 706 1142 759 pagina,
1165 705 1292 747 multa

314 778 482 828 Quaeris,
504 784 543 819 et
558 779 772 832 indignum
796 782 907 819 tanta
928 777 1081 818 ratione
1101 782 1258 830 reperta

314 852 465 891 Censeo
485 851 606 891 surda
625 851 789 904 quidem
812 850 898 891 fieri
923 854 981 890 tot
999 849 1151 902 spicula
1175 849 1278 890 dulci

314 922 416 963 Illita
435 935 613 964 rancore.
640 923 842 972 Invideas,
866 923 943 962 nisi
966 921 1084 962 fortia
1104 921 1196 962 forti

312 994 381 1035 Illa
398 995 669 1035 retundantur
692 994 846 1046 clypeo.
871 994 987 1046 Viget
1009 993 1129 1034 alitus
1150 993 1321 1034 haustus

310 1066 429 1107 Aonii
450 1066 588 1116 fontis,
612 1066 675 1106 vel
701 1066 743 1106 in
763 1066 828 1106 his
849 1078 913 1106 ars
932 1070 1071 1105 nostra
1089 1065 1241 1106 relucet

312 1140 356 1178 In
376 1142 528 1178 tortum
541 1137 699 1190 spiculi,
726 1138 824 1177 dum
842 1143 885 1178 tu
904 1137 1096 1178 varianda
1116 1137 1286 1190 requiris

312 1210 529 1263 Principia,
546 1215 585 1251 et
604 1210 733 1263 longae
754 1210 952 1263 percurris
973 1211 1091 1250 corde
1118 1211 1245 1262 sagaci

311 1283 496 1324 Historiae
516 1283 741 1333 cumulum,
763 1282 1033 1335 fingendaque
1052 1282 1221 1322 flumina
1243 1281 1359 1322 nobis

311 1354 511 1395 Auxiliata
532 1355 615 1395 suis
635 1355 834 1395 contraria
854 1354 1005 1395 viribus
1024 1353 1131 1394 hosti

311 1427 481 1467 Nomine
508 1432 603 1467 nota
621 1426 734 1467 faciS.
761 1427 841 1467 Sed
860 1431 899 1467 et
920 1426 1005 1467 haec
1019 1426 1140 1467 modo
1161 1425 1300 1466 desine
1319 1425 1419 1466 velle

311 1499 532 1551 Vestigare.
554 1499 638 1539 Cito
659 1511 789 1539 ceram
812 1498 1069 1551 speculabere
1090 1497 1240 1538 forsan.

310 1571 486 1620 Qualiter
504 1572 545 1612 in
569 1584 711 1612 somno
727 1572 884 1624 genitor
904 1570 1125 1611 firmaverit
1141 1571 1268 1611 altum

309 1645 409 1684 Nato
434 1644 686 1697 propositum
706 1644 833 1684 nitido
858 1655 1076 1684 conversus
1104 1643 1274 1696 Olympo

310 1715 424 1756 Unde
443 1715 515 1756 tibi
535 1716 601 1756 hic
622 1716 744 1756 etiam
764 1714 960 1768 patefacto
983 1715 1145 1755 cardine
1166 1714 1297 1754 cancri

309 1787 486 1837 Labitur,
512 1793 634 1840 utque
654 1788 797 1828 ducein
823 1793 1039 1828 venturum
1057 1787 1105 1827 ad
1130 1792 1234 1827 tecta
1254 1785 1448 1839 Syphacis

313 1859 456 1900 Laelius
474 1860 680 1901 Avellanis
696 1860 874 1900 dimittat
892 1860 1104 1900 honestius
1119 1864 1203 1899 arte

308 1935 365 1972 Ac
384 1931 665 1982 hemistichio;
694 1945 771 1985 quo
799 1938 894 1985 potu
914 1932 1084 1985 pulchra
1104 1931 1236 1983 virago

311 2003 566 2055 Sophonisba
585 2017 737 2045 norum
762 2004 983 2044 Masinissae
1003 2008 1165 2056 rumpat
1184 2014 1378 2052 amorem,

310 2075 429 2128 Nigra
453 2076 721 2129 triumphales
740 2076 898 2127 fugiens
914 2076 962 2116 ad
985 2078 1149 2116 Tartara
1170 2088 1324 2125 currus,

310 2151 441 2200 Atque
461 2148 625 2201 Syphax
648 2149 855 2189 dominam
877 2153 1015 2200 captus
1039 2152 1220 2200 portetur
1239 2147 1288 2187 ad
1308 2147 1450 2188 urbem

310 2219 475 2268 Infidus‚
498 2220 608 2259 Latio
627 2220 756 2260 cincta
771 2222 856 2272 jam
878 2219 1008 2259 milite
1029 2221 1166 2271 Byrsa,

310 2293 438 2345 thue
459 2293 570 2345 Mago
587 2293 723 2344 januae
745 2293 905 2333 solvens
926 2304 948 2332 a
965 2291 1098 2332 littore
1117 2290 1257 2331 funem

306 2364 486 2416 Naviget,
509 2370 548 2404 et
570 2365 692 2405 vitam
713 2365 857 2404 mediis
880 2363 1038 2404 exhalet
1057 2364 1099 2403 in
1125 2364 1269 2412 undis3

306 2435 483 2483 Qualiter
502 2436 740 2477 Hannibalis
762 2447 991 2477 sermonem
1011 2435 1053 2475 in
1074 2447 1179 2476 vana
1198 2434 1343 2475 refellit

309 2507 455 2559 Scipio,
479 2513 568 2560 post
589 2509 762 2549 tremula
780 2508 931 2549 bellum
950 2507 1157 2559 consignet
1175 2507 1216 2547 in
1243 2507 1381 2555 hasta3

1545 1284 1597 1322 80

1544 2007 1595 2044 90

1543 2364 1595 2401 95
