1865 2959
909 190 948 229 “-
977 205 1022 238 5⁸
1048 223 1091 228 —

364 293 467 334 vota
509 289 776 333 munuscula
817 286 863 333 (1)
888 323 898 340 ‚
942 308 962 329 »
1008 286 1357 332 venerabundus
1406 287 1634 331 offerebat.

422 366 627 411 Scribens
648 367 833 412 demum
854 367 910 411 ad
930 366 1221 412 Guillelmum
1243 366 1550 410 Veronensem
1569 364 1635 417 (2),

364 459 463 490 sese
505 445 680 489 dicebat
722 448 891 491 Parmae
934 445 1099 504 duplici
1145 457 1278 502 opere
1312 443 1519 501 perfungi
1545 479 1554 493 ‚
1596 446 1641 486 ct

363 526 562 578 ,ill-deam
591 524 726 568 simul
761 523 1039 581 domumque
1071 525 1316 567 exstruere.
1347 520 1473 565 Adde
1501 520 1635 571 illud,

363 601 484 659 quod
506 616 619 660 opus
635 606 875 660 utrumque
897 602 993 646 sinc
1014 600 1241 659 proposito
1260 599 1445 643 consilio
1464 599 1639 642 molire-

363 683 449 731 tur,
476 679 587 724 adeo
614 685 664 724 ut
689 679 811 738 quod
838 679 894 724 de
921 678 1056 723 domo
1084 677 1139 721 ad
1166 690 1346 721 carmen
1374 676 1466 721 fere
1490 680 1635 720 trans-

362 759 477 803 i'crrc
504 758 633 803 liceat
655 775 662 802 :
1313 762 1315 764 ’

477 856 572 901 Ergo
593 866 687 901 opus
706 855 878 890 insistens
896 854 1040 898 celcro;
1061 855 1186 888 tamen
1209 851 1335 886 omnia
1357 851 1494 886 discors

478 915 577 950 Mens
596 915 712 950 variat
730 928 737 950 ε
759 925 861 950 nunc
879 916 977 949 recta
994 913 1141 959 placent
1162 914 1319 958 angusta
1339 910 1501 955 Catonis,

481 1062 992 1071 .........
1021 1044 1121 1069 nunc
1142 1033 1277 1069 romula
1298 1032 1387 1068 coelo

478 1095 609 1131 Moenia
629 1095 871 1131 Romulidum
891 1096 1110 1141 tactumque
1132 1093 1297 1129 culmina
1314 1092 1462 1128 nimbos

476 1156 569 1191 Urbe
590 1156 812 1191 Semiramia
829 1155 1002 1190 meditor.
1028 1154 1156 1190 Modus
1178 1154 1300 1189 omnis
1320 1153 1430 1200 agelli

474 1216 617 1262 Sordet,
641 1218 677 1251 et
695 1216 890 1251 immensis
908 1226 1001 1262 vaga
1021 1226 1126 1250 mens
1147 1213 1372 1249 anfractibus
1391 1216 1501 1248 errat.

477 1303 992 1313 .........
1021 1275 1128 1310 Redit
1144 1274 1231 1309 inde
1253 1273 1412 1309 modesti

475 1337 652 1382 Miratrix,
674 1337 858 1383 luxusque
878 1335 963 1371 odio
985 1336 1177 1370 flammata
1195 1334 1362 1380 superbi.

472 1397 614 1443 Jugiter
635 1397 704 1432 ista
725 1397 820 1432 mihi
842 1396 885 1432 de
908 1407 967 1431 me
988 1395 1192 1431 certamina
1210 1396 1369 1441 surgunt
1391 1393 1451 1440 (3).

419 1499 628 1544 Similiter
655 1512 857 1551 carmen,
897 1497 1033 1543 modo
1064 1499 1415 1542 monumentum
1447 1509 1533 1540 {ere
1563 1509 1641 1554 pe-

358 1578 564 1630 rennius,
589 1576 725 1622 modo
748 1578 958 1636 exiguam
977 1580 1021 1622 et
1042 1578 1137 1636 jam
1159 1575 1372 1620 caducam
1392 1574 1537 1619 aedem
1560 1574 1641 1618 lia-

358 1656 516 1709 boba.t;
541 1656 782 1714 futuraque
804 1657 900 1715 ejus
929 1656 1018 1699 fata
1040 1655 1220 1714 ancipiti
1247 1654 1398 1698 animo
1426 1652 1641 1698 formida—

359 1735 449 1778 bat.
480 1735 561 1785 Qui
591 1735 789 1793 primum
811 1748 910 1780 sese
938 1735 1107 1778 Maroni
1135 1733 1397 1777 aemulatum
1421 1746 1521 1777 esse
1547 1745 1641 1775 crc-

359 1812 517 1865 dcbat,
543 1812 708 1857 deinde
737 1826 795 1857 ne
821 1813 1054 1856 Lucanum
1083 1811 1268 1869 quidem
1301 1810 1503 1868 attigisse
1528 1810 1642 1854 forte

358 1891 508 1935 animo
529 1892 818 1950 priesumpsit
840 1891 906 1937 (4).
930 1892 1037 1935 Hzec
1056 1891 1156 1949 lege
1177 1891 1221 1934 in
1250 1889 1438 1948 dialogis
1459 1892 1516 1932 Dc
1536 1891 1641 1933 Com-

404 2043 450 2083 (’1)
473 2042 564 2076 Fam.
588 2051 631 2081 lv,
655 2045 707 2074 13.

403 2100 451 2137 (2)
648 2124 716 2131 .....
736 2102 813 2138 Qua}
834 2099 967 2140 praeuiia
985 2099 1016 2130 in
1038 2098 1192 2139 pectore?
1208 2099 1290 2131 Cura

493 2157 615 2188 Africa.
630 2157 721 2197 Quod
740 2156 883 2188 studium
902 2157 1095 2194 vehemens,
1117 2155 1191 2196 quis
1212 2153 1359 2187 fructus?
1381 2155 1488 2186 Inanis

496 2214 618 2245 Gloria.

406 2269 453 2311 (3)
473 2269 535 2313 Ep.
551 2274 648 2302 metr.
668 2278 675 2301 1
700 2270 877 2305 Guillelmo
904 2271 1087 2304 Veronensi.

406 2327 451 2369 (4)
561 2328 604 2359 Te
626 2328 719 2359 multi
741 2327 886 2359 historia:
905 2327 1025 2359 seriem
1049 2336 1178 2359 servare
1197 2326 1345 2359 canendo

563 2384 685 2416 Lucani
706 2386 745 2416 de
763 2395 853 2416 more
873 2386 1000 2425 putant.

508 2441 625 2484 (Metro
646 2441 716 2475 Col.
739 2441 885 2475 Salutali
901 2441 943 2473 ad
964 2440 1180 2473 Petrarcham
1200 2439 1401 2472 imitatoria.
1423 2439 1570 2479 Append.
1592 2438 1643 2477 ιι.)

408 2499 504 2531 Multa
524 2499 691 2530 enimvero
705 2508 778 2539 quic
797 2499 997 2530 Pharsaliam
1019 2498 1204 2530 deformant
1218 2497 1295 2529 vitia
1311 2497 1342 2528 iu
1359 2495 1469 2537 Africa
1483 2495 1640 2527 invenies.
