1865 2959
823 217 1035 252 —158—

283 304 405 343 Nocte
424 301 498 342 sub
523 300 714 353 ambigua
732 305 928 342 matronae
946 300 1089 341 limina
1105 305 1222 341 castae
1493 306 1573 345 685

284 376 424 425 Intrat,
451 379 489 414 et
515 379 706 426 exceptus
726 373 896 426 placide,
915 373 973 413 nil
995 372 1073 413 tale
1101 377 1309 413 verentem

284 446 331 485 Vi
361 449 536 498 superat.
559 445 651 485 Voti
677 457 841 498 compos
863 444 1116 498 spoliumque
1143 445 1307 497 pudoris

285 518 466 559 Feminei
487 517 667 558 referens
689 522 726 558 et
746 529 878 570 opaoae
905 517 1049 569 gaudia
1068 517 1213 566 noetis,

286 592 417 630 Laetus
437 589 532 640 abit,
554 589 647 630 furti
669 589 789 630 tacite
815 589 889 629 sibi
910 589 1094 629 conscius
1115 589 1206 629 acti.

288 661 355 701 lna
375 661 530 710 dolens,
555 662 760 714 vitamque
786 660 907 700 simul
928 672 1153 713 corpusque
1173 672 1331 713 perosa,
1493 663 1573 702 690

287 736 335 774 Et
356 733 551 774 membris
574 734 677 774 irata
703 733 786 773 suis
804 746 812 773 :
839 734 920 773 Vas
940 732 1018 773 vile
1036 733 1235 785 pudendae

287 806 468 846 Foemina
492 806 660 846 luxuriae
680 806 807 856 vives,
828 805 998 853 dicebat,
1024 810 1062 845 et
1081 805 1123 844 in
1145 810 1182 845 te

284 880 452 930 Semper
472 877 657 918 adulterii
684 877 849 929 vestigia
869 876 974 917 soeda
994 876 1234 917 manebunt.

287 952 334 990 Et
355 951 503 1002 poteris
524 954 704 1002 spectare
724 955 859 990 torum
879 961 957 1002 quo
983 954 1097 1002 rapta
1117 949 1281 990 fuerunt

286 1022 430 1062 Omnia
454 1034 543 1062 cara
563 1022 651 1072 tibi,
674 1022 749 1073 vir,
773 1022 920 1073 virtus,
944 1021 1065 1069 fama,
1089 1022 1312 1074 pudorque.
1496 1024 1574 1063 695

286 1095 389 1144 Quin
410 1094 511 1145 obis,
536 1100 574 1135 et
594 1095 751 1135 tristem
771 1095 919 1147 potius,
944 1106 1096 1147 precor,
1119 1093 1246 1146 effuge
1266 1094 1412 1145 lucem,

286 1169 317 1208 Ο
339 1167 474 1207 anima
498 1167 654 1217 infelix,
682 1167 928 1220 inimicaque
949 1167 1121 1208 claustra
1142 1166 1329 1219 refringe.

287 1241 378 1280 Haeo
402 1239 469 1280 ubi
489 1239 592 1280 elam
612 1245 765 1292 quaesta
784 1245 859 1289 est,
883 1240 1014 1280 subito
1036 1245 1272 1292 patremque
1292 1240 1505 1293 virumque

287 1313 448 1360 Evocat,
476 1312 516 1351 id
537 1312 738 1364 siquidem
762 1312 943 1365 cupiens,
967 1317 1010 1352 ut
1032 1312 1202 1352 testibus
1222 1311 1300 1352 illis

286 1384 469 1436 Corporis
489 1384 669 1424 invisum
687 1384 804 1424 liceat
824 1384 1025 1437 deponere
1047 1384 1221 1436 pondus.
1496 1388 1574 1425 700

289 1457 412 1496 Roma
438 1461 608 1508 patrem,
633 1456 855 1509 longinqua
873 1456 1006 1496 virum
1032 1461 1126 1496 tuno
1147 1462 1275 1496 eastra
1300 1456 1505 1497 tenebant.

287 1528 357 1569 Cui
386 1529 484 1569 dum
503 1528 605 1569 forle
624 1529 730 1569 redit
749 1541 970 1581 properans
992 1531 1076 1581 jam
1099 1534 1211 1581 patre
1233 1534 1390 1581 reperto

285 1601 464 1641 Nunoius
485 1601 670 1651 occurrit,
694 1601 949 1654 d01ninaeque
970 1614 1019 1641 ex
1034 1602 1190 1650 ordine,
1213 1613 1330 1642 voees

285 1674 425 1713 Narrat
445 1678 558 1713 atrox
578 1672 750 1724 facinus,
774 1673 844 1714 sed
863 1673 971 1726 quod
996 1685 1078 1713 non
1100 1679 1266 1714 noverat
1294 1673 1378 1726 ipse

284 1745 477 1786 Evenisse
501 1745 625 1796 domi,
647 1746 875 1799 raptimque
896 1758 998 1798 opus
1021 1758 1108 1786 esse
1128 1746 1306 1787 reductis
1496 1748 1573 1786 705

288 1819 404 1857 Patre
424 1817 590 1870 viroque
610 1817 745 1857 simul.
771 1819 913 1870 Stupet
934 1818 982 1857 ad
1007 1818 1198 1858 mandata
1218 1818 1386 1858 maritus

287 1889 491 1941 Conjugis‚
518 1889 776 1942 incertusque
798 1890 922 1930 animi
944 1889 1018 1930 sub
1035 1890 1152 1930 eorde
1172 1890 1326 1930 volutat

288 1961 391 2009 Quid
412 1960 485 2001 sibi
508 1960 587 2002 fata
608 1961 734 2002 velint
754 1966 823 2002 aut
843 1961 939 2014 quid
958 1961 1121 2003 fortuna
1140 1962 1332 2003 minetur.

335 2163 411 2194 689.
435 2161 503 2194 Alei
523 2161 554 2193 iu
576 2162 630 2193 ed.
650 2162 739 2201 Bas„
761 2163 826 2194 aeti
844 2163 875 2193 in
898 2172 958 2194 ms.
982 2165 1018 2193 Α.

333 2222 408 2252 696.
434 2218 495 2260 Qui
514 2220 605 2252 nobis
622 2219 653 2251 in
675 2221 727 2252 ed.
745 2220 835 2257 Bas..
855 2220 933 2261 quin
951 2220 1017 2252 obis
1035 2219 1066 2252 in
1088 2230 1150 2253 ms.
1171 2221 1209 2260 A,
1224 2220 1260 2259 B,
1283 2221 1318 2258 C,
1340 2222 1385 2259 D,
1406 2221 1484 2262 quin
1504 2220 1571 2253 abis

287 2279 319 2310 in
342 2288 402 2309 ms.
425 2278 461 2315 E,
483 2278 518 2309 F.

334 2336 410 2366 698.
430 2333 498 2368 Sibi
519 2334 550 2365 in
567 2335 622 2366 ed.
644 2335 733 2372 Bas„
755 2333 809 2365 ubi
826 2333 858 2364 iu
878 2334 1029 2365 omnibus
1051 2344 1113 2366 ms.

333 2392 410 2422 699.
433 2390 539 2424 Evoca
559 2391 591 2422 in
611 2392 664 2422 ed.
687 2392 776 2428 Bas„
796 2396 904 2422 evocat
921 2391 953 2422 in
970 2391 1124 2423 omnibus
1143 2401 1204 2423 ms.

335 2450 411 2479 701.
431 2447 683 2489 Lonyinquaque
704 2448 734 2479 111
751 2449 803 2479 cd.
827 2449 916 2485 Bas..
935 2448 1112 2490 longinqua
1133 2449 1164 2480 in
1183 2449 1333 2480 omnibus
1350 2458 1411 2480 ms.

338 2506 414 2536 707.
443 2505 596 2538 Volulans
615 2505 647 2537 in
662 2506 716 2537 ed.
738 2505 828 2544 Bas„
849 2505 973 2538 volutat
995 2504 1027 2537 iu
1048 2506 1199 2538 omnibus
1219 2516 1278 2537 ms.
