1865 2959
842 221 885 225 κ
911 200 974 235 25]
1009 220 1048 225 -

312 285 553 338 Expediunt,
577 296 620 324 ae
638 296 754 324 versa
771 283 883 323 vadis
908 283 956 323 ad
976 282 1159 334 proxima
1176 281 1308 334 Leptis

312 358 459 397 Littera
480 355 643 395 sollicito
663 354 845 407 pervenit
868 354 1014 405 remige
1033 353 1184 392 elassis.

312 429 385 478 Qui
405 432 529 467 status
555 427 708 466 interea
733 426 923 466 Romanis
944 430 1049 465 esset
1076 425 1117 464 in
1145 425 1241 473 oris,

312 499 435 549 Quive
460 498 561 538 foret
584 497 755 550 Libycis⁷
778 510 866 549 qna)
892 508 997 548 spes⁷
1024 496 1091 548 qui
1111 500 1237 536 terror
1254 496 1442 548 utrinque

311 570 496 609 Volveret
515 568 666 608 alterno
688 567 890 607 fluitantes
910 567 1070 607 turbine
1096 572 1250 606 mentes

312 641 425 681 Dietu
451 638 609 679 difficile
630 644 702 679 est.
730 638 922 687 Quotiens
942 638 1119 690 ingentia
1142 638 1230 677 duri

311 711 543 751 Hannibalis
567 714 830 750 monumenta
848 709 993 749 animis
1013 708 1271 760 confectaque
1290 708 1394 748 bella

311 782 649 831 Observabantur,
672 787 766 821 tune
787 793 877 833 spes
897 783 1076 821 Romana
1103 780 1267 820 cadebat

311 855 424 894 Victa
443 859 562 901 retro,
591 858 630 893 at
654 853 838 905 quotiens
859 853 951 892 clari
973 852 1203 892 occurrebat
1222 852 1353 903 imago

312 925 517 977 Scipiadae,
538 924 764 976 florensque
785 924 858 963 viri
878 929 917 964 et
937 928 1111 976 spectata
1125 925 1334 975 jtiventuS,

312 999 368 1038 Ao
386 998 512 1037 virtus
532 996 697 1036 infracta
715 996 844 1045 malis,
869 1008 957 1048 spes
978 995 1143 1047 pulchra
1163 994 1318 1034 redibat

313 1071 425 1109 Tune
444 1068 566 1117 Italis,
595 1072 800 1119 terrorque
819 1067 965 1107 iterum
987 1067 1182 1106 transibat
1204 1066 1253 1106 ad
1273 1065 1424 1106 hostes.

311 1142 360 1180 Et
381 1151 609 1192 quanquam
629 1139 750 1178 Latiis
767 1139 981 1190 depulsum
1006 1138 1152 1177 finibus
1171 1149 1302 1177 aorem

314 1211 580 1252 Hannibalem
600 1210 843 1262 fratremque
863 1210 988 1250 oeulis
1008 1209 1231 1261 respublica
1246 1208 1349 1248 laetis

314 1284 514 1331 Cerneret,
538 1286 597 1322 ast
616 1282 690 1321 alia
710 1281 874 1333 urgebat
893 1293 1051 1333 quoque
1072 1286 1232 1333 pectora
1253 1292 1361 1330 eura,

314 1354 508 1406 Segnities
527 1359 709 1406 suspecta
733 1354 896 1403 dueum,
923 1353 1066 1405 quibus
1092 1365 1211 1393 omne
1233 1358 1397 1393 senatus

314 1426 521 1465 Mandarat
543 1426 735 1475 studium,
758 1437 902 1477 nequo
929 1425 1137 1464 molimine
1155 1429 1322 1477 possent

315 1499 358 1537 In
382 1497 547 1549 Libyam
566 1497 734 1536 transire
754 1496 904 1545 hostes,
926 1509 1005 1536 neu
1024 1501 1129 1536 terra
1149 1496 1211 1536 vel
1227 1507 1361 1549 {equor

315 1571 506 1609 Securum
528 1573 733 1620 praestaret
751 1569 826 1608 iter
846 1582 854 1618 3
879 1569 1109 1608 discrimine
1134 1568 1243 1608 nullo

313 1642 427 1681 Nune
446 1640 585 1680 ambos
605 1640 749 1680 abiisse
770 1640 903 1691 simul,
926 1653 1072 1693 nempe
1092 1653 1171 1680 nna
1189 1640 1322 1692 pericli

315 1712 509 1762 Conditio‚
536 1712 605 1751 sed
625 1723 788 1763 campus
808 1718 889 1751 erat
910 1712 1152 1752 discriminis
1177 1712 1290 1762 alter,

315 1783 575 1834 Collectisque
599 1783 707 1822 domi
734 1785 947 1823 Poenorum
970 1784 1135 1833 viribus,
1156 1784 1299 1836 ingens

315 1855 437 1893 Casus
457 1858 494 1893 et
511 1854 708 1893 excidium
736 1856 1001 1894 metuendum
1022 1855 1212 1905 instabat,
1236 1860 1273 1895 et
1292 1855 1390 1896 hora

315 1925 460 1964 Ultima
481 1925 649 1965 Romani
670 1926 825 1978 imperii
853 1940 860 1964 :
893 1938 963 1966 eeu
984 1938 1126 1978 eorpus
1143 1926 1183 1965 in
1211 1939 1330 1967 omne

316 1997 355 2036 Si
382 1996 559 2048 longaeva
580 1996 651 2036 fnit
674 1997 840 2047 scabies,
862 1997 1079 2050 abiensque
1100 2003 1264 2050 repente

316 2070 478 2107 Deserat
504 2073 806 2121 extremamque
823 2074 956 2109 cutem
975 2074 1186 2121 partesque
1205 2074 1403 2121 patentes,

317 2138 468 2178 Gaudia
491 2130 709 2190 corripiunt.
728 2139 932 2189 animnm3
957 2140 987 2179 si
1007 2139 1174 2179 forsitan
1193 2152 1294 2192 {eger

363 2295 416 2324 32.
442 2293 574 2325 Terrore
595 2293 627 2324 in
649 2295 699 2325 ed.
725 2295 813 2332 Bas,
836 2297 940 2326 terror
964 2295 995 2326 in
1014 2295 1168 2327 omnibus
1187 2305 1248 2327 ms.

362 2350 414 2379 37.
434 2348 477 2380 Ac
497 2349 527 2380 iu
550 2351 603 2381 ed.
620 2351 708 2387 Bas,
727 2355 759 2381 al
779 2351 810 2382 iu
830 2352 982 2383 omnibus
1003 2362 1062 2383 ms.

362 2408 415 2436 43.
438 2407 539 2447 Supra
570 2416 692 2448 quoque
722 2413 856 2450 pectora
894 2410 1014 2450 legitur
1046 2410 1076 2440 iu
1112 2419 1172 2441 ms.
1206 2412 1226 2440 A
1263 2411 1464 2452 pmcordM,

274 2457 277 2461 ⁴
317 2462 449 2503 irrepsit
465 2463 495 2494 iu
511 2463 592 2495 alios
611 2466 684 2495 cod.
707 2469 739 2496 et
754 2465 786 2496 in
808 2466 859 2496 ed.
878 2466 949 2498 Bas.
969 2476 1007 2497 ea
1027 2467 1134 2497 lectio.

1534 352 1585 390 30

1536 710 1585 747 35

1536 1425 1587 1462 45

1506 2413 1590 2444 uude
