1865 2959
864 242 1071 277 —173—

333 325 617 364 Contremuere
641 328 751 365 metu
769 324 876 365 facti.
900 328 988 366 Dux
1013 325 1097 378 ipse
1116 326 1297 367 Metellus

332 395 522 447 Dirignit3
544 407 606 436 res
627 408 773 450 nempe
797 397 907 438 ferox
926 397 1169 450 inopinaque
1191 404 1348 439 mentes

331 466 545 517 Presserat,
570 467 679 508 haud
700 468 812 509 aliter
831 481 952 521 quam
974 469 1005 508 si
1023 469 1133 509 Jovis
1153 470 1210 509 ira
1227 470 1439 511 trisulcum

330 536 527 577 Torsisset
563 537 666 578 male
692 538 806 579 firma
826 540 969 579 domus
987 540 1029 579 in
1051 540 1226 580 culmina
1245 541 1384 582 telum.

329 609 407 647 Nec
434 620 546 648 secus
565 608 657 650 irati
675 610 771 651 civis
794 611 1014 651 tremefecit
1034 611 1163 664 imago

328 680 562 720 Hannibalis
582 693 702 734 quam
724 682 755 721 si
775 682 947 722 victricia
968 683 1079 735 signa
1098 683 1280 725 viderent

326 751 561 803 Impendere
583 752 672 803 sibi,
694 759 945 807 mortemque
966 760 1003 795 et
1025 754 1155 795 vincla
1175 756 1337 797 minari.

325 823 426 874 Ergo
443 822 486 862 in
503 823 623 864 verba
644 824 763 865 simul
778 837 854 878 quo
869 827 1045 878 jusserat
1066 827 1205 867 ordine
1222 829 1382 879 jurant:

323 895 412 933 Dux
433 894 553 946 prior,
576 895 670 936 inde
691 896 772 936 alii.
798 897 893 937 Mira
915 897 970 937 sic
987 897 1053 938 ille
1074 898 1306 950 pudendam

322 966 565 1017 Compressit
582 967 729 1008 virtute
749 967 897 1020 fugam.
925 969 1000 1008 Vix
1020 974 1155 1010 sextus
1173 970 1221 1010 ah
1242 970 1307 1010 illo

319 1038 462 1077 Annus
482 1038 685 1089 agebatur,
709 1051 786 1092 quo
807 1046 961 1092 patrem
985 1053 1007 1081 a
1030 1047 1158 1082 morte
1178 1042 1351 1082 reduxit.

320 1108 551 1149 Occiderant
572 1110 687 1151 almae
706 1111 784 1151 dno
806 1112 982 1152 maxima
1002 1113 1155 1154 lumina
1178 1116 1328 1164 Romae,

317 1180 625 1234 Scipiadumque
645 1182 787 1234 ingens
809 1196 888 1224 uno
910 1196 1030 1237 prope
1052 1190 1231 1238 tempore
1257 1196 1406 1226 nomen

317 1250 510 1292 Obruerat
529 1252 689 1294 fortuna
709 1266 872 1306 nocens,
906 1257 1159 1309 Hispanaqne
1179 1257 1297 1298 tellus

316 1324 359 1361 In
379 1323 509 1364 dubiis
528 1325 674 1366 amissa
694 1326 814 1367 fidem
838 1332 1011 1368 mutarat
1031 1329 1194 1369 avitani.

314 1394 487 1436 Millibus
507 1409 556 1437 ex
573 1397 695 1438 tantis
721 1411 930 1450 procerum
952 1412 1191 1452 consurgere
1222 1400 1371 1449 nullus,

311 1466 452 1507 Nullus
476 1468 524 1507 ad
540 1468 747 1510 immensae
766 1472 1032 1523 reparandum
1062 1473 1227 1513 vulnera
1248 1472 1369 1513 cladis

310 1538 493 1579 Audebat
512 1546 699 1592 praestare
718 1554 884 1582 manns:
909 1549 994 1583 tum
1015 1543 1119 1583 filins
1141 1544 1245 1584 ultor

308 1610 357 1649 Et
375 1610 498 1661 patris
521 1616 559 1651 et
579 1613 710 1664 patrui
730 1625 879 1654 nomen
899 1615 1023 1664 dedit,
1046 1615 1161 1668 isque
1183 1618 1376 1669 Pyrenem

1520 616 1545 654 kz)

1548 617 1598 655 {53

1517 974 1594 1014 240

1511 1332 1562 1370 ἑξ

1565 1333 1589 1370 ωῑ

305 1682 594 1734 Transgressus
615 1686 764 1737 maJ'ore
785 1686 917 1726 animo
946 1699 1067 1739 quam
1096 1687 1262 1738 virilius,
1291 1699 1455 1727 omnem
1504 1689 1582 1727 0250

306 1753 472 1793 Rettulit
491 1756 723 1807 Hesperiam
745 1757 878 1810 populi
901 1758 973 1798 sub
988 1760 1079 1811 J'ura
1099 1759 1311 1808 Quiritum.

303 1826 386 1872 Qua
407 1825 484 1865 duo
504 1826 581 1866 lata
609 1832 750 1879 patens
772 1829 876 1869 inter
897 1830 1086 1870 distantia
1109 1831 1284 1871 multum

301 1898 476 1950 AEquora
496 1900 726 1952 porrigitur,
746 1901 807 1942 vel
836 1914 913 1955 qua
934 1902 1167 1955 longissima
1193 1907 1322 1943 tractu

302 1969 365 2009 Ad
381 1976 560 2012 vestrum
581 1977 641 2013 est
658 1972 754 2013 hinc
772 1986 887 2015 versa
907 1986 1017 2016 mare
1037 1975 1332 2027 Herculeasque
1355 1973 1576 2023 columnas,

344 2180 420 2213 232.
441 2180 563 2215 Coelum
584 2182 616 2214 in
637 2184 689 2216 ed.
714 2185 800 2224 Bas„
823 2186 923 2218 telum
942 2185 974 2217 in
996 2187 1148 2219 omnibus
1168 2196 1230 2218 ms.

340 2240 416 2270 239.
437 2238 518 2272 Mire
539 2240 573 2271 in
593 2241 647 2272 ed.
671 2241 760 2280 Bas„
781 2243 867 2274 mira
886 2243 918 2274 in
937 2244 1089 2276 omnibus
1113 2253 1173 2276 ms.

338 2296 415 2326 246.
436 2295 478 2328 Et
501 2306 556 2336 pro
576 2306 616 2328 ea:
637 2297 669 2329 in
693 2308 754 2330 ms.
778 2299 814 2331 Ε,

339 2353 414 2383 248.
441 2352 526 2385 Tunc
547 2363 603 2394 pro
625 2357 693 2387 tum
715 2355 747 2387 in
766 2366 825 2388 ms.
843 2357 882 2396 B,
904 2357 937 2396 C,
960 2358 997 2389 D.

336 2410 411 2440 251.
431 2409 507 2442 Jure
527 2420 585 2451 pro
598 2411 678 2452 jura
699 2412 731 2444 in
753 2423 813 2444 ms.
838 2414 875 2452 A,
898 2415 935 2453 B,
959 2415 993 2452 C,
1016 2415 1051 2445 Ι).

334 2467 411 2498 252.
430 2466 521 2499 Inter
538 2477 622 2500 corr.
640 2468 672 2500 in
694 2479 757 2501 ms.
779 2471 802 2501 A
817 2480 876 2511 pro
898 2473 1023 2502 contra.
1048 2468 1170 2503 Contra
1186 2470 1219 2502 in
1235 2479 1296 2503 ms.
1318 2470 1355 2508 Β,
1377 2470 1410 2509 C,
1431 2470 1467 2501 D.

334 2526 412 2559 254.
433 2524 522 2559 More
543 2525 576 2558 in
595 2527 649 2559 ed.
668 2527 757 2568 Bas„
783 2537 874 2561 mare
893 2527 927 2560 in
947 2528 1100 2560 omnibus
1122 2537 1184 2560 ms.
