1865 2959
736 267 768 271 —
804 246 848 278 333
887 266 909 269 ⁷-

187 330 306 374 riens
325 344 509 373 manum
531 330 653 387 operi
671 329 931 372 admoverat
943 345 952 380 ;
979 329 1128 386 itaque
1146 327 1456 387 imperfectum

188 407 297 450 illud
319 411 494 450 tantum
516 420 593 464 pro
616 406 730 450 virili
755 410 877 463 parte
899 419 953 449 ex
979 405 1098 449 bono
1126 408 1170 449 et
1192 418 1320 463 aequo
1336 404 1458 463 judi-

188 497 285 528 care
306 484 422 527 lieet.
445 483 627 527 Etiamsi
646 482 700 526 ad
720 496 802 526 nos
829 481 1040 526 omnibus
1056 482 1256 540 partibus
1277 481 1458 526 absolu-

190 566 285 605 tum
304 574 464 619 poema
485 560 778 618 pervenisset,
803 559 958 603 multis
980 559 1077 604 aliis
1094 559 1323 603 abundare
1341 559 1460 603 vitiis

188 637 308 681 istud
329 651 508 681 carmen
527 637 599 681 hie
622 636 869 681 ridendum
902 641 985 681 est.

248 715 341 758 Hoo
366 715 500 772 igitur
524 715 721 772 primum
740 716 917 757 AEnec'clc'
934 713 1136 759 conferre
1156 714 1300 766 liceat,
1319 728 1419 772 quae
1437 727 1461 756 a

189 792 367 835 Marone
395 791 491 849 ipsa
516 791 679 835 infecta
706 791 751 834 in
774 791 1033 849 exemplum
1055 804 1079 834 a
1100 791 1336 835 Petraroha
1355 804 1458 848 pro-

187 869 302 913 fecto
323 868 665 917 assumebatur;
696 869 823 926 eujus
850 872 1001 912 tamen
1036 869 1222 912 nimiam
1248 868 1459 911 imitatio-

188 960 292 990 nem
316 946 520 989 affectare
537 945 784 997 dubitabat,
817 960 888 997 ne,
908 945 1078 1003 Virgilii
1094 946 1248 999 instar,
1273 945 1461 988 debilior

189 1022 414 1067 videretur
454 1036 588 1080 quam
623 1024 698 1080 qui
740 1023 913 1067 clavam
952 1037 976 1067 e
1009 1023 1219 1067 manibus
1259 1023 1461 1067 Herculis

188 1105 462 1158 usurpasset.
486 1102 722 1150 Caeterum,
748 1101 863 1144 solet
881 1101 926 1143 in
951 1103 1132 1144 AEneicle
1154 1101 1293 1145 lector
1316 1100 1461 1158 quivis

189 1178 322 1221 rebus
348 1177 537 1221 heroum
575 1177 746 1235 adjecta
781 1178 1008 1229 miracula,
1049 1177 1192 1222 turbae
1224 1178 1460 1222 hominum

189 1255 417 1298 immixtos
435 1255 565 1305 Deos,
586 1259 726 1298 totam
747 1254 941 1312 denique
960 1259 1166 1298 naturam
1184 1259 1325 1313 poetae
1341 1255 1462 1313 inge-

189 1332 263 1375 nio
288 1333 546 1384 animatam,
588 1332 692 1375 hino
721 1332 904 1385 inferos,
936 1333 1058 1376 illine
1095 1333 1352 1391 Olympum,
1377 1346 1461 1376 sae-

188 1410 288 1467 pius
323 1414 471 1467 gratas
503 1409 679 1453 fabulas
712 1410 886 1454 veritati
923 1411 1156 1455 austeriori
1188 1410 1462 1468 antepositas

189 1487 353 1530 mirari.
379 1488 588 1532 Similiter
611 1488 860 1531 immensus
881 1491 1081 1542 Africam
1110 1488 1320 1533 scribenti
1342 1490 1462 1546 pate—

188 1564 262 1607 bat
283 1578 483 1622 campus,
513 1568 556 1608 et
581 1565 777 1622 quodam
806 1565 940 1609 modo
963 1565 1045 1609 iter
1067 1579 1089 1608 a
1108 1566 1287 1609 Marone
1308 1566 1461 1622 incep-

190 1645 285 1684 tum
311 1657 319 1690 ;
346 1641 577 1685 materiam
600 1655 763 1700 nempe
781 1656 917 1699 quam
953 1643 1061 1686 olim
1087 1647 1181 1687 erat
1201 1643 1463 1700 complexus

190 1718 398 1776 Virgilius
413 1718 508 1776 ipse
529 1731 608 1762 sua
626 1719 722 1762 vioe
745 1719 1103 1776 aggrediebatur.
1125 1719 1269 1763 Ambo
1295 1718 1461 1763 etenim

189 1795 305 1838 inter
342 1796 528 1839 Romam
557 1800 601 1840 et
631 1796 947 1854 Carthaginem
977 1800 1203 1840 certamen
1230 1796 1457 1846 eeoinere;

190 1872 262 1915 hie
288 1872 508 1916 Didonem
529 1873 583 1916 ab
610 1874 748 1917 AEnea
773 1873 1046 1926 derelictam,
1078 1874 1153 1918 ille
1186 1873 1370 1917 Didonis
1394 1867 1472 1916 urss

187 1950 285 1994 bem
317 1950 372 1992 ab
396 1950 601 1994 Africano
629 1952 842 2001 attritam,
869 1951 927 1994 ita
955 1956 1002 1994 ut
1032 1965 1191 1996 omnes
1226 1965 1385 1996 versus
1406 1949 1462 1994 ad

190 2026 464 2070 dilatandam
494 2032 538 2071 et
564 2027 867 2072 extollendam
899 2030 1051 2072 Romae
1080 2028 1246 2072 famam
1274 2033 1463 2085 uterque

345 2237 543 2268 Traducunt.
563 2237 614 2268 Sic
634 2239 699 2269 tota
721 2237 790 2269 dies
809 2237 1033 2277 coxisumitur3
1053 2237 1144 2278 atqui

342 2293 539 2325 Posteritatis
559 2294 661 2325 honos
681 2295 840 2333 animum,
864 2298 896 2326 et
912 2297 1049 2327 ventura
1069 2297 1225 2335 nepotum

344 2350 474 2382 Judicia
494 2351 658 2392 exagitant
663 2375 1144 2383 .........

348 2430 767 2439 ........
795 2408 845 2439 Sic
865 2408 961 2440 insita
979 2408 1080 2441 menti

345 2464 570 2505 Segnitiesque
593 2467 763 2504 metusque
784 2475 880 2496 mone
898 2469 974 2496 sunt
989 2476 1114 2496 causa..
1140 2491 1159 2495 ..

468 2522 542 2562 (Ἑρ.
569 2528 659 2552 metr.
685 2531 717 2552 ιιι
740 2524 779 2553 ml
804 2524 1007 2554 terma-alanz
1031 2523 1298 2556 Rulhem’nsem.)
