1865 2959
952 250 1138 286 -35-

395 333 681 379 converterit.
700 332 865 378 Videas
883 338 1036 379 autem
1052 348 1189 392 quam
1208 334 1343 393 longe
1359 333 1560 393 dispares
1572 335 1676 387 sint,

393 425 535 470 quum
558 425 654 456 rem
674 414 866 470 uterque
884 425 1014 456 suam
1032 412 1224 471 explicet
1242 414 1249 454 !
1274 412 1397 456 Alter
1411 413 1534 457 enim
1550 413 1681 458 istius

393 489 498 534 belli
521 502 678 534 causas
710 503 960 549 exponens,
984 491 1210 535 Junonem
1238 490 1381 548 ipsam
1411 490 1677 549 loquentem

392 566 578 620 inducit,
604 566 660 612 de
680 567 857 627 integro
884 568 972 612 iras
995 571 1275 621 moventem,
1303 572 1437 626 atque
1457 569 1516 613 ita
1538 568 1594 612 ad
1609 569 1678 612 ‹li-

391 645 610 704 gnitatem
630 659 782 690 rerum
802 646 910 691 exiit
928 646 1113 691 uberius
1132 650 1276 704 poetic
1294 646 1529 704 ingenium
1552 663 1562 699 ;
1592 650 1678 692 sta—

393 723 567 781 timque
600 724 874 769 immensam
906 724 1043 768 sentit
1078 723 1196 767 hanc
1228 724 1356 768 litem
1389 739 1490 783 quae
1519 739 1678 769 omnes

391 802 490 847 coeli
544 806 587 847 et
631 807 760 847 terrae
810 803 928 847 vires
983 803 1245 847 commovit.
1307 803 1431 848 Alter
1494 807 1669 856 contra,

391 893 571 925 carmen
592 881 769 940 epicum
796 881 1015 925 mentitus
1034 916 1044 932 ,
1075 884 1171 924 acta
1191 881 1339 939 potius
1365 880 1525 925 diurna
1551 881 1675 925 evol-

390 959 467 1012 vit,
500 973 601 1017 quae
630 959 849 1018 Scipionis
872 962 998 1018 gesta
1019 958 1238 1011 referunt,
1275 963 1316 1003 et
1339 972 1464 1004 more
1492 973 1675 1018 prorsus

390 1036 587 1095 pedestri
611 1054 619 1081 :

505 1146 652 1181 AEmula
672 1145 855 1192 Carthago
875 1146 1044 1192 surgenti
1065 1145 1249 1180 inviderat
1268 1146 1380 1190 Urhi3

504 1206 576 1242 Sed
597 1206 746 1253 gravius
768 1206 853 1241 tulit
870 1205 958 1240 inde
978 1216 1124 1252 parem,
1143 1216 1231 1240 mox
1245 1205 1387 1241 viribus
1407 1207 1551 1240 auctam

507 1266 618 1312 Vidit,
638 1268 674 1301 et
691 1266 852 1312 imperio
873 1265 1036 1301 dominre
1056 1276 1186 1312 parere
1207 1266 1415 1312 potentis„
1440 1294 1445 1300 .

505 1327 664 1362 Edidicit

445 1435 497 1478 Et
515 1434 698 1492 ubique,
727 1435 822 1479 sive
841 1435 957 1479 Deos
983 1435 1181 1480 inserere
1195 1434 1360 1479 fabulae
1382 1449 1492 1488 sure,
1512 1438 1669 1494 utpote

387 1511 674 1566 christianus,
706 1512 897 1566 dubitat,
929 1513 1024 1557 sive
1054 1512 1319 1556 traditarum
1343 1527 1494 1558 rerum
1512 1514 1670 1558 memi-

386 1591 507 1635 nisse
540 1604 675 1649 quam
708 1604 826 1635 nova
855 1590 1028 1649 fingere
1062 1591 1212 1635 animo
1240 1591 1438 1643 mavult,
1468 1592 1669 1649 vestigiis

386 1668 709 1713 historicorum
744 1668 939 1713 fideliter
961 1669 1159 1722 insistit;
1186 1670 1249 1713 sic
1286 1674 1437 1713 autem
1472 1669 1666 1727 quodam

383 1746 520 1790 modo
555 1760 766 1805 campum
801 1747 886 1790 sibi
915 1750 1147 1805 patentem
1169 1747 1437 1792 delimitawit
1475 1751 1519 1791 et
1565 1761 1668 1791 con—

384 1825 532 1877 traxit,
556 1825 866 1883 lectoremque
888 1826 947 1869 ita
966 1826 1144 1870 monuit
1165 1839 1265 1870 sese
1290 1825 1555 1869 historicum
1586 1839 1666 1883 po-

386 1903 471 1946 tius
487 1916 621 1961 quam
639 1904 816 1961 epicum
843 1917 1025 1960 carmen
1055 1917 1266 1962 pangere.
1292 1904 1385 1947 Hoc
1410 1907 1558 1947 totum
1580 1903 1664 1947 sci-

383 1981 485 2043 licet
505 1981 669 2025 lustres
692 1982 833 2025 oculis
858 1997 869 2034 ;
890 1995 1126 2039 nunquam
1149 1983 1265 2026 Deos
1286 1981 1541 2039 reipublicae
1560 1995 1665 2024 con-

384 2060 586 2103 sulentes
617 2063 661 2104 et
687 2059 822 2104 rebus
845 2060 1064 2118 Scipionis
1087 2074 1187 2104 sese
1207 2060 1515 2103 immiscentes
1537 2058 1663 2103 vide-

382 2137 451 2181 bis
462 2153 471 2189 ;
484 2137 595 2182 utico
610 2138 910 2190 Petrarcham,
924 2138 1180 2182 christianis
1193 2137 1418 2181 imbutum
1429 2137 1660 2187 doctrinis,

383 2215 581 2274 pudebat
617 2216 861 2274 Olympum
911 2215 1241 2260 conscendore!
1289 2215 1441 2258 Maluit
1481 2214 1663 2272 quidem

382 2293 464 2337 lias
496 2293 704 2351 regiones
739 2307 924 2352 superas
955 2309 979 2337 a
1007 2294 1150 2337 Tullio
1181 2294 1276 2351 jain
1308 2293 1417 2336 olim
1453 2293 1664 2336 lustratas

381 2371 518 2423 adire,
550 2372 677 2428 quasi
709 2371 806 2415 loca
834 2371 1060 2429 ambigua,
1088 2370 1218 2415 sodes
1249 2371 1452 2413 ninnium
1481 2373 1663 2414 miiitum

382 2454 418 2493 cl
455 2449 657 2507 gentium
687 2449 793 2493 xii-is
829 2453 1034 2508 patentes
1056 2465 1064 2495 ε
1090 2449 1248 2507 palatiu
1291 2448 1505 2499 veritatis,
1558 2466 1578 2487 «
1619 2448 1659 2490 in

381 2532 581 2571 extremo
623 2527 806 2585 quidem
855 2527 1105 2571 (tridentis
1156 2541 1424 2584 summoque
1472 2526 1661 2569 Atlantis
