1865 2959
767 203 952 238 ..85—

228 287 350 336 Vidit,
373 291 411 326 et
432 286 598 338 imperio
619 285 791 326 dominre
811 298 947 338 parere
971 288 1159 338 potentis,

226 360 282 398 Ac
301 358 406 410 leges
429 356 566 397 audire
585 368 724 407 novas,
748 361 786 397 et
807 357 908 397 ferre
928 357 1126 398 tributum

226 429 410 478 Edidicit,
431 428 559 468 tacitis
577 428 686 468 intus
708 428 777 468 sed
796 428 914 480 plena
934 428 1121 480 querelis,

227 501 348 540 Plena
361 499 482 540 minis
498 514 507 549 ;
531 499 690 540 frenum
708 499 866 540 funesta
884 500 1069 552 snperbia
1088 501 1252 541 tandem

226 571 423 623 Compulit
443 575 641 620 excutere,
664 576 702 611 et
722 571 852 611 clades
870 571 1071 623 geminare
1092 576 1284 623 receptas.

225 642 436 694 Angebant
456 642 567 682 dolor
584 646 702 694 atque
720 642 848 694 pudor
868 642 1025 682 servilia
1044 654 1182 694 passos

224 714 347 754 Multa
366 714 485 764 viros,
511 713 735 766 animisque
754 714 969 754 incesserat
989 714 1124 754 addita
1143 713 1251 754 (luris

224 785 364 824 Tristis
383 785 560 835 avaritia,
586 790 624 825 et
643 796 852 837 nunquam
878 785 1053 825 satiabile
1072 789 1226 825 votum.

224 857 431 898 Permixta}
451 869 539 909 spes
559 856 782 906 amborum,
807 861 1066 909 optatumque
1084 856 1240 896 duobus

226 929 441 981 Imperium
460 929 632 981 populis,
655 929 799 980 dignus
821 928 895 968 sibi
915 928 1083 981 quisque
1110 928 1235 969 videri

222 1000 365 1040 Omnia
384 1001 445 1040 cni
466 999 637 1049 subsint,
659 1004 766 1039 totus
783 999 846 1039 cui
866 1004 1000 1051 pareat
1019 999 1126 1039 orbis
1145 1013 1153 1039 :

223 1075 415 1112 Praeterea
439 1072 710 1124 damnumque
730 1083 883 1121 recens,
906 1071 1134 1123 injuriaque
1155 1075 1268 1112 atrox

223 1143 357 1184 Insula
377 1143 570 1183 Sardinise
589 1143 749 1193 emissa,
772 1148 810 1183 et
830 1143 1033 1182 Trinacria
1054 1148 1166 1195 rapta

222 1218 353 1268 Atque
370 1216 546 1268 Hispana
566 1214 686 1254 nimis
705 1214 850 1267 populo
875 1213 1043 1254 confinis
1061 1214 1235 1266 utrique,

224 1287 420 1328 Omnibus
443 1287 623 1339 exposita
641 1287 816 1336 insidiis,
840 1286 1047 1338 aptissima
1067 1286 1208 1338 praedae

223 1362 356 1407 Terra,
378 1363 437 1398 tot
458 1358 644 1398 infandos
671 1358 836 1410 longum
856 1369 1022 1410 passura
1043 1357 1215 1398 labores.

223 1431 339 1471 Haud
357 1430 469 1471 aliter
488 1441 608 1482 quani
633 1442 758 1482 quum
778 1429 910 1469 medio
932 1429 1327 1481 deprensaluporum

1448 787 1500 826 90

223 1501 385 1553 Pinguis
401 1500 502 1552 ovis,
519 1513 627 1541 nnuc
646 1501 725 1541 huc
744 1501 928 1553 pedibus,
960 1513 1067 1541 nunc
1089 1501 1276 1541 (lentibus
1296 1500 1390 1541 illuc
1422 1504 1499 1542 1100

223 1572 418 1623 Volvitur,
439 1573 562 1625 inque
582 1578 759 1613 tremens
777 1577 908 1625 partes
935 1572 1172 1625 discerpitur
1186 1583 1342 1624 omnes,

221 1644 449 1685 Bellantnm
464 1645 703 1698 proprioque
723 1645 891 1685 madens
909 1645 1100 1697 resupina
1118 1656 1270 1685 cruore.

221 1716 397 1757 Accessit
417 1716 516 1756 situs
532 1716 617 1768 ipse
636 1717 731 1766 loci;
752 1722 896 1757 natura
915 1716 1058 1756 locavit

223 1790 272 1828 Se
292 1787 429 1840 procul
452 1788 618 1828 adverso
636 1792 859 1840 spectantes
882 1787 1015 1828 littore
1029 1791 1182 1839 gentes,

221 1859 499 1912 Adversosque
518 1859 689 1910 animos,
711 1860 898 1900 adversas
918 1858 1099 1899 moribus
1121 1859 1256 1909 urbes,

221 1930 500 1983 Adversosque
520 1933 638 1981 Deos,
659 1931 876 1984 odioseque
900 1931 1070 1971 numina
1088 1931 1293 1983 utrinque,

267 2076 320 2106 83.
342 2074 481 2116 Imperia
501 2073 534 2105 in
554 2074 606 2106 ed.
630 2074 717 2111 Bas„
735 2075 873 2116 imperio
890 2073 924 2106 in
945 2074 1097 2106 omnibus
1117 2083 1179 2106 ms.

266 2133 320 2163 88.
341 2130 484 2173 Angebat
502 2131 537 2163 in
556 2131 610 2163 ed.
631 2132 722 2170 Bas.,
743 2131 908 2173 anqebant
928 2131 960 2163 in
981 2131 1132 2164 omnibus
1152 2140 1215 2163 ms.

266 2190 320 2220 93.
344 2187 453 2220 Totius
474 2188 508 2220 in
529 2189 582 2220 ed.
605 2189 695 2227 Bas„
717 2191 804 2220 totns
820 2189 852 2220 in
874 2198 935 2220 ms.
957 2189 994 2227 Α,
1016 2189 1050 2227 C,
1072 2189 1109 2226 D,
1131 2189 1167 2219 E.

266 2247 319 2276 96.
344 2244 462 2286 Urique
478 2245 511 2276 in
530 2246 581 2276 ed.
604 2245 692 2284 Bas„
713 2246 842 2286 utrique
863 2245 895 2276 iu
916 2245 1067 2277 omnibus
1087 2254 1150 2276 ms.

1421 1861 1497 1899 105

267 2302 341 2332 100.
361 2301 504 2343 Rapidus
524 2311 582 2342 pro
598 2302 732 2343 pedibus
748 2301 868 2344 legitur
883 2301 914 2332 in
935 2311 999 2333 ms.
1013 2302 1052 2342 A,
1073 2302 1110 2339 B,
1131 2301 1167 2340 C,
1183 2301 1228 2340 D3
1245 2302 1330 2341 quod
1348 2310 1427 2332 sane
1443 2301 1495 2332 in-

219 2357 322 2398 telligi
342 2367 407 2389 nou
423 2360 539 2398 potest.
556 2357 688 2399 Rapidis
710 2359 741 2389 in
764 2368 827 2390 ms.
852 2359 889 2397 E,
906 2359 942 2391 F.

265 2415 341 2446 105.
363 2414 444 2446 Deos
462 2423 520 2454 pro
534 2414 661 2446 animos
682 2414 714 2446 in
732 2424 795 2446 ms.
814 2416 854 2447 A.

266 2472 340 2501 106.
359 2470 493 2502 Animos
511 2479 567 2511 pro
588 2470 667 2503 Deos
685 2471 716 2502 in
737 2480 800 2504 ms,
821 2471 858 2503 Α.
