1865 2959
880 217 1093 255 -210—

337 300 502 341 Materia
522 305 598 351 est,
622 305 811 354 praestate
832 302 917 355 pias
938 303 1004 344 his
1023 303 1233 357 questibus
1258 316 1390 346 aures.

335 373 483 414 Audiat
503 377 542 413 et
561 373 707 414 coelum
732 378 771 414 et
791 373 954 428 pelagus
977 375 1176 429 tellusque
1195 376 1408 430 profunda.

334 447 395 485 En
417 445 581 495 morior,
605 446 828 500 mortisque
853 447 981 500 magis
1002 460 1067 489 me
1088 460 1208 489 causa
1234 449 1367 490 dolere
1546 452 1624 491 740

333 519 462 566 Quam
481 529 591 558 mors
616 518 704 571 ipsa
720 518 837 569 faoit3
861 520 957 572 quid
978 520 1086 561 enim
1105 522 1344 563 commercia
1365 527 1538 575 tangunt

331 591 474 630 Nostra
495 590 617 631 duces
641 591 803 632 Latios?
824 593 885 631 Eu
907 597 1058 644 quanta
1078 594 1264 646 superbia
1285 594 1391 646 genti
1422 608 1429 633 :

331 662 420 702 Non
446 662 544 703 satis
564 667 624 703 est
644 662 805 704 hostem
831 664 966 716 regnis
984 664 1176 716 spoliasse
1197 666 1407 718 paternis?

330 734 528 776 Libertate
549 735 709 776 animos
735 735 923 789 spoliant,
946 740 984 777 et
1003 736 1078 777 rite
1099 738 1245 778 coactis

329 807 548 860 conjugiis,
570 813 789 862 sanctoque
812 808 962 849 audent
987 809 1211 862 irrumpere
1232 810 1373 860 amori,
1542 813 1619 851 745

326 880 376 919 Et
394 883 528 932 pactos
553 879 702 921 laniare
722 885 845 928 toros,
868 881 1034 921 victoria
1053 886 1269 934 postquam

324 952 505 992 Romano
526 956 604 992 stat
624 957 731 992 certa
752 953 859 1002 duci,
882 965 954 993 nec
974 953 1131 993 flectere
1151 953 1368 1006 quisquam

326 1025 423 1065 Fata
440 1028 573 1077 potest
592 1030 743 1066 aeterna
763 1026 888 1066 Jovis.
917 1026 1005 1066 Sint
1034 1025 1176 1066 ultima
1201 1025 1295 1066 vitae

324 1097 485 1147 Tristia,
508 1102 547 1138 et
567 1098 726 1138 eximiis
749 1110 819 1139 sua
842 1100 969 1139 Roma
990 1099 1146 1151 ingrata
1169 1099 1346 1151 tropaeis.

324 1168 449 1210 Exsul
467 1174 511 1210 ut
528 1182 550 1210 a
568 1170 694 1222 patria
719 1171 875 1211 deserto
898 1171 941 1211 in
962 1183 1054 1211 rure
1076 1177 1255 1212 senescat
1537 1174 1616 1212 700

325 1240 457 1292 Solus,
481 1247 521 1282 et
546 1253 568 1282 a
586 1242 677 1282 fidis
697 1242 815 1295 longe
839 1248 1019 1283 semotus
1040 1243 1208 1292 amicis;

322 1314 403 1353 Nec
423 1313 556 1354 videat
577 1314 652 1354 sibi
678 1314 793 1354 dulce
813 1314 982 1367 aliquid,
1004 1316 1071 1367 qui
1100 1315 1231 1355 dulcia
1257 1315 1371 1356 nobis

324 1386 468 1426 Omnia
486 1386 693 1439 praeripuit
712 1401 720 1435 3
743 1392 832 1427 tum
853 1388 931 1427 cari
961 1388 1108 1439 injuria
1128 1387 1263 1428 fratris

321 1458 519 1510 Exagitet,
548 1458 762 1511 doleatque
785 1471 878 1500 suos
899 1471 980 1499 non
1007 1471 1120 1512 aequa
1149 1459 1335 1501 ferentes.

321 1530 445 1570 Filius
463 1536 665 1571 extremos
690 1531 885 1584 inglorius
901 1538 1087 1585 aggravet
1112 1545 1255 1572 annos.
1534 1535 1611 1572 755

322 1602 489 1655 Indigno
508 1603 675 1644 tandem
689 1608 810 1657 atque
828 1604 939 1658 inopi
965 1605 1150 1646 claudere
1180 1604 1362 1658 sepulcro

321 1675 529 1727 Iratusque
543 1674 634 1726 tibi,
654 1681 693 1716 et
711 1676 849 1729 patriae
869 1677 1043 1717 moriare
1066 1677 1230 1727 relictae,

320 1746 467 1800 Scipio,
495 1751 535 1788 et
552 1747 725 1789 infames
747 1749 855 1789 saxis
880 1749 1054 1790 inscribe
1074 1748 1269 1802 querelas.

316 1820 378 1859 Tu
401 1831 561 1873 quoque
580 1819 754 1861 finitimo
777 1833 936 1874 semper
956 1821 1135 1874 quatiare
1156 1820 1350 1871 tumultu,

318 1890 360 1932 Si
379 1903 516 1933 secum
532 1892 714 1946 posthac,
738 1895 884 1947 conjux
905 1894 1126 1943 carissime,
1154 1894 1320 1934 firmum
1529 1896 1608 1934 760

318 1965 465 2006 Foedus
485 1965 656 2015 habens,
685 1966 822 2006 videas
842 1966 1036 2006 abeuntes
1059 1965 1200 2007 funere
1225 1972 1340 2006 natos

364 2116 441 2149 746.
478 2116 576 2150 Acin
597 2118 650 2150 ed.
675 2118 771 2156 Bas.,
794 2122 824 2151 et
847 2119 879 2150 in
897 2128 958 2151 ms.
981 2120 1018 2149 A.

364 2176 440 2206 747.
461 2173 518 2207 Hic
533 2184 663 2214 versuS.
685 2176 740 2216 qui
759 2177 853 2208 deest
876 2176 909 2208 in
934 2176 987 2208 ed.
1008 2176 1099 2215 Bas.‚
1122 2176 1276 2207 omnibus
1298 2184 1359 2207 ms.
1383 2175 1601 2214 suscribitur;

317 2234 427 2263 tamen
445 2231 478 2264 in
499 2242 560 2264 ms,
584 2232 620 2272 C,
638 2233 804 2273 posterius
819 2233 851 2265 in
871 2233 1020 2275 margine
1039 2233 1178 2265 additus.

362 2290 439 2320 752.
462 2287 508 2322 Ne
522 2289 556 2321 in
571 2290 623 2322 ed.
642 2290 733 2329 Bas,
753 2299 811 2322 nec
830 2290 861 2321 in
883 2290 1035 2322 omnibus
1057 2299 1106 2322 ms
1127 2301 1134 2328 3
1157 2289 1236 2331 quid
1256 2289 1289 2321 in
1310 2290 1364 2322 ed.
1387 2290 1477 2329 Bas„
1494 2290 1550 2332 qui
1571 2290 1602 2321 in

317 2356 379 2379 ms.
400 2347 439 2387 A,
456 2347 492 2386 B,
514 2347 549 2386 C,
571 2348 609 2387 D,
631 2348 666 2379 E.

361 2405 438 2436 756.
462 2402 619 2437 Claudier
638 2404 671 2436 in
690 2405 742 2437 ed.
764 2405 854 2443 Bas..
876 2405 1031 2438 claudare
1049 2404 1080 2436 in
1103 2415 1163 2437 ms.
1186 2406 1223 2444 Α,
1243 2406 1281 2436 D.

361 2462 438 2494 761.
462 2460 608 2494 Habes...
635 2461 790 2494 obeuntes
807 2461 924 2502 funera
946 2462 979 2494 in
999 2463 1053 2495 ed.
1073 2463 1163 2500 Bas„
1186 2461 1348 2495 habeus...
1371 2462 1526 2495 abeuntes
1547 2462 1599 2502 su-

315 2527 392 2551 nere
409 2518 442 2550 in
463 2519 616 2551 omnibus
635 2528 697 2551 ms.
