1865 2959
815 220 1024 256 -102v-

286 306 397 354 Nate,
421 309 503 354 tua,
520 309 558 343 et
573 303 688 343 nobis
706 303 840 343 veniat
859 303 969 343 velut
990 304 1143 342 Ennius
1161 303 1279 352 altem

285 378 405 415 Carus
426 379 591 426 uterque
612 374 727 423 mihi,
749 374 879 414 studio
901 374 1186 414 memorandus
1206 379 1387 426 uterque.

287 449 360 486 [ste
375 447 493 486 rudes
513 446 620 485 Latio
641 446 738 485 duro
759 445 1030 485 modulamine
1048 446 1179 485 Musas
1472 448 1550 486 445

284 517 435 566 Intulit,
462 517 527 556 ille
549 522 682 557 autem
706 516 903 568 fugientes
922 516 1099 556 carmine
1120 515 1256 565 sistet3

282 591 331 628 Et
345 593 503 628 nostros
522 588 629 628 vario
655 588 829 628 cantabit
844 592 1011 639 uterque
1026 586 1180 626 labores

282 660 462 712 Eloquio,
487 660 682 712 nobisque
701 659 863 700 brevem
885 659 1102 711 producere
1120 658 1245 698 vitam

282 732 504 772 Contendet
523 745 531 771 :
553 743 693 772 verum
709 731 834 771 multo
854 730 954 770 mihi
979 731 1105 770 carior
1130 730 1197 770 ille
1221 735 1281 770 est

281 802 355 851 Qui
372 803 506 854 procul
523 803 570 842 ad
594 807 775 842 nostrum
795 801 968 842 reflectet
986 802 1140 842 lumina
1159 807 1334 854 tempus.
1472 803 1550 841 450

281 876 323 913 In
349 874 455 926 quod
474 885 565 914 eum
582 874 776 922 studium,
799 885 881 913 non
900 873 960 912 vis
980 873 1248 925 pretiumque,
1264 872 1454 922 movebit,

279 947 365 985 Non
386 950 517 985 metus
541 950 608 984 aut
629 945 780 995 odium,
803 956 886 984 non
907 957 996 996 spes
1018 950 1084 984 aut
1105 946 1228 997 gratia
1248 944 1389 993 nostri,

278 1016 510 1066 Magnarum
528 1017 597 1056 sed
619 1016 701 1056 sola
721 1016 884 1068 quidem
909 1016 1118 1056 admiratio
1138 1029 1288 1066 rerum,

278 1087 393 1127 Solus
410 1099 520 1128 amor
538 1088 633 1128 veri.
657 1089 732 1128 Sed
751 1088 846 1140 quid
865 1093 1001 1128 tamen
1020 1088 1154 1128 onmia
1174 1089 1373 1140 prosunt?

277 1161 365 1199 dam
386 1172 455 1199 sua
474 1171 583 1199 mors
602 1159 713 1199 libris
739 1159 881 1209 aderit,
903 1160 1085 1199 mortalia
1105 1171 1279 1212 namque
1471 1161 1547 1198 455

276 1233 373 1270 Esse
392 1231 502 1271 decet
523 1243 658 1282 quaecu
668 1243 785 1282 :nque
809 1231 919 1270 labor
935 1231 1114 1270 mortalis
1134 1231 1244 1271 inani

275 1302 409 1341 Edidit
427 1302 603 1354 ingenio.
628 1303 657 1350 Q
675 1314 733 1341 ios
754 1302 786 1341 si
807 1307 943 1342 tamen
962 1301 1029 1341 illa
1049 1307 1242 1354 nepotum

277 1373 488 1424 Progenies
509 1385 663 1413 servaro
690 1373 785 1412 velit
807 1373 996 1425 senioque
1016 1373 1172 1413 nocenti

276 1443 367 1483 Vim
384 1443 524 1493 facere,
550 1456 593 1484 ac
612 1444 749 1496 rapido
765 1444 932 1495 vigilans
953 1444 1145 1484 obsistere
1167 1444 1296 1491 saeclo,

276 1517 361 1555 Non
379 1515 506 1555 valeat
529 1527 537 1554 :
563 1520 645 1554 tam
667 1515 792 1555 multa
808 1520 960 1563 vetant,
980 1514 1113 1555 fatalia
1135 1515 1250 1555 terris
1468 1517 1545 1554 460

274 1587 430 1627 Diluvia
448 1591 485 1627 et
509 1587 676 1639 populos
701 1586 912 1626 violentior
929 1592 1050 1626 {estus
1076 1587 1259 1636 adurent,

274 1661 322 1699 Et
342 1663 474 1711 pestes
491 1671 626 1699 rerum
640 1659 759 1699 variae
779 1658 944 1710 coelique
962 1659 1179 1711 marisque,

273 1730 555 1783 Bellorumque
569 1730 678 1770 furor
699 1735 781 1770 toto
807 1730 910 1769 nihil
931 1730 1025 1770 orbe
1044 1730 1224 1782 quietum

274 1804 384 1843 Stare
404 1802 565 1852 sinens3
588 1802 700 1842 libris
725 1809 860 1842 antem
881 1802 1162 1852 morientibus,
1183 1802 1268 1854 ipse

274 1874 492 1914 occumbes
517 1874 635 1914 etiam
653 1888 661 1913 :
687 1874 741 1914 sic
759 1886 866 1914 mors
885 1873 956 1913 tibi
982 1874 1097 1914 tertia
1112 1878 1247 1913 restat.
1463 1875 1544 1912 465

273 1947 375 1995 Quot
397 1947 516 1986 modo
530 1946 573 1985 in
593 1951 771 1986 extremo
791 1945 915 1986 claros
936 1945 1097 1986 Oriente
1119 1945 1181 1985 vel
1199 1947 1344 1985 Austro

273 2021 369 2059 Esse
385 2019 490 2059 viros
507 2018 631 2058 reris?
649 2020 801 2058 Tamen
821 2018 870 2058 ad
888 2029 959 2058 vos
974 2017 1132 2057 mittere
1151 2028 1301 2057 nomen

270 2091 358 2129 Non
377 2095 540 2142 potuere
562 2102 680 2130 suum
699 2103 708 2139 3
731 2094 828 2142 quot
847 2089 977 2141 prima
996 2093 1110 2129 aetate
1128 2087 1251 2128 fuisse

274 2160 465 2212 Illustres,
485 2160 713 2214 famamque
737 2172 852 2202 ausos
868 2172 1025 2213 sperare
1042 2171 1276 2213 perennem,

317 2324 390 2355 443.
412 2322 549 2356 Eminus
568 2323 601 2355 in
623 2324 674 2355 ed.
698 2325 783 2362 Bas„
806 2323 931 2356 Ennius
951 2324 983 2355 iu
1003 2324 1154 2355 omnibus
1174 2333 1236 2354 ms.

319 2383 395 2412 450.
416 2381 570 2422 Reslectat
590 2391 646 2422 pro
666 2380 807 2422 reflectet
827 2381 859 2412 in
881 2391 942 2412 ms.
964 2383 999 2411 Α.

317 2439 390 2468 463.
412 2437 467 2470 Nil
487 2438 520 2469 in
544 2439 595 2469 ed.
618 2439 704 2475 Bas„
724 2438 809 2470 nihil
826 2438 857 2469 in
878 2437 1031 2469 omnibus
1053 2447 1114 2468 ms,

316 2496 392 2525 464.
414 2494 532 2527 Liberis
552 2494 585 2526 in
602 2496 654 2527 ed.
676 2495 763 2533 Bas,
787 2494 876 2527 libris
893 2495 924 2526 in
946 2493 1099 2526 omnibus
1120 2503 1179 2525 ms.
