1865 2959
844 269 1055 305 —332-

306 361 397 400 Haec
417 357 567 398 fuerint
586 356 744 408 serique
764 355 885 395 decus
902 364 1135 406 mercesque
1150 352 1313 401 laboris,

306 430 499 482 Quodque
511 428 640 468 libens
654 427 873 479 longinqua
885 430 1016 478 petam
1032 437 1152 477 super
1161 436 1320 477 {equora
1334 425 1500 464 Romam
1511 424 1589 462 855

306 503 355 541 Et
374 500 515 540 mundi
539 500 685 540 vidisse
706 504 837 552 eaput.
857 512 876 535 n
903 498 1192 550 Quodcumque
1214 495 1376 549 petebat

308 572 569 621 Permissum,
591 577 630 612 et
649 583 836 623 magnam
858 570 1063 610 admirans
1080 570 1287 622 ingressus
1301 568 1343 608 in
1359 567 1499 607 urbem
1513 570 1588 607 est.

308 643 394 684 Non
417 643 529 683 aliter
550 643 718 695 stupuit,
736 642 813 682 nisi
840 641 939 681 falsa
957 646 1018 681 est
1038 639 1185 688 fabula,
1212 639 1357 680 coelum

308 715 540 768 Ingrediens
558 715 675 755 viridi
698 714 830 754 subito
850 712 1070 753 translatus
1091 711 1139 751 ab
1159 712 1226 751 Ida

306 787 626 828 Laomedonteus
641 798 740 838 puer
760 790 802 825 ut
821 797 918 836 vaga
941 784 1072 824 sidera
1089 783 1240 823 circum
1512 783 1590 820 860

306 861 430 900 Haesit
450 865 488 901 et
514 860 648 899 Iliacas
669 858 851 910 despexit
870 857 918 897 ab
939 856 1090 896 aethere
1110 855 1245 895 silvas.

309 932 436 985 Appia
461 943 686 971 marmoreo
708 930 883 981 suscepit
900 929 1040 969 limine
1060 933 1174 978 porta

309 1005 441 1045 Prima
461 1004 581 1044 viros.
607 1005 748 1055 Magno
770 1014 864 1042 mox
886 1001 1003 1041 obvia
1025 999 1175 1040 moenia
1193 1011 1288 1051 gyro

311 1076 510 1116 Pallantea
532 1075 686 1124 vident,
708 1086 786 1127 quo
809 1078 960 1114 structa
981 1079 1040 1113 est
1059 1071 1168 1123 regia
1191 1075 1329 1110 monte

310 1148 498 1197 Evandri,
527 1147 763 1200 primusque
786 1157 900 1186 novae
918 1145 1028 1185 loeus
1050 1144 1225 1196 inclytus
1243 1142 1369 1182 urbis.
1518 1142 1596 1178 865

310 1220 380 1260 Hie
398 1220 597 1260 elementa
622 1219 729 1259 notis
750 1218 962 1270 impressa,
985 1216 1050 1256 hie
1071 1215 1248 1256 Arcados
1272 1214 1385 1253 alma=

309 1292 498 1332 Divinum
518 1290 726 1343 ingenium
746 1294 784 1330 et
805 1288 997 1329 miracula
1019 1287 1197 1327 maxima
1213 1297 1365 1326 rerum.

306 1366 547 1404 Monstrator
567 1363 682 1402 docet
702 1362 787 1414 ipse
813 1361 902 1410 viae,
925 1360 1130 1412 librosque
1150 1363 1331 1410 repertos

307 1435 492 1476 Fatidica-2
511 1433 735 1475 Carmentis
756 1445 871 1485 opus,
897 1437 1177 1485 quantumque
1195 1429 1345 1470 Latinis

307 1506 485 1548 Contulit
504 1505 678 1558 ingeniis
698 1505 844 1545 mulier
863 1504 1093 1545 veneranda
1112 1515 1183 1555 per
1201 1514 1350 1542 aevum.
1515 1502 1594 1540 870

308 1579 454 1620 Coelius
474 1578 521 1618 ad
545 1578 727 1617 dextram
749 1581 945 1625 remanet,
968 1575 1124 1627 fastigia
1143 1574 1243 1614 laeva

309 1650 428 1691 Collis
452 1649 658 1697 Aventini,
684 1649 916 1700 validasque
940 1648 981 1687 in
1003 1647 1172 1699 rupibus
1196 1658 1305 1685 arces

309 1722 541 1774 Suspieiunt
563 1726 806 1774 antrumque
829 1721 980 1760 vident.
1004 1719 1106 1759 Hine
1126 1717 1260 1758 fabula
1281 1717 1369 1756 Caci

313 1794 612 1846 Herculeusque
636 1793 747 1834 labor
765 1793 917 1845 placido
941 1803 1127 1831 sermone
1152 1794 1358 1829 morantes

359 1991 434 2020 854.
453 1987 536 2021 Saem'
557 1987 589 2019 in
609 1987 662 2020 ed.
684 1987 773 2025 Bas„
791 1985 855 2018 seri
876 1985 908 2017 in
925 1984 1077 2017 omnibus
1095 1993 1158 2014 ms.

360 2048 435 2076 855.
457 2043 651 2086 Quodque...
674 2043 796 2075 oelhera
814 2043 845 2074 iu
870 2043 923 2074 ed.
949 2043 1035 2080 Bas,
1057 2049 1218 2083 quamque
1245 2038 1275 2070 in
1298 2047 1360 2069 ms.
1389 2039 1429 2075 Α,
1452 2037 1486 2074 Γ»,
1511 2038 1545 2073 (ἶ,
1566 2036 1603 2073 D,

314 2102 490 2143 mquorain
507 2111 568 2133 ms.
585 2102 623 2139 Α,
644 2101 681 2138 Β,
703 2101 738 2139 C,
758 2101 795 2138 D,
819 2102 855 2131 F.

362 2160 437 2190 857.
454 2158 637 2190 Admissum
657 2157 690 2188 in
711 2158 762 2189 ed.
779 2157 852 2188 Bas.
869 2159 900 2188 et
922 2156 954 2187 in
982 2165 1042 2187 ms.
1066 2155 1089 2186 Α
1105 2154 1242 2196 (poster.
1261 2152 1373 2193 lectio)
1386 2176 1394 2190 ,
1409 2152 1605 2194 permissum

317 2216 349 2248 in
371 2225 431 2247 ms.
453 2216 476 2247 Α
498 2215 601 2256 (prior
620 2215 744 2256 lect10),
764 2215 800 2251 Ε,
823 2214 857 2245 F.

364 2275 440 2304 861.
464 2273 596 2305 Illicitas
616 2272 649 2303 in
670 2272 722 2304 ed.
747 2271 838 2309 Bas„
861 2271 977 2303 Iliacas
999 2270 1030 2301 in
1053 2278 1115 2300 ms.
1139 2269 1176 2306 Α,
1201 2268 1235 2306 Β,
1255 2268 1289 2306 G,
1311 2268 1348 2303 D,
1372 2267 1408 2297 E.

365 2331 441 2362 864.
464 2328 527 2370 Qui
547 2329 579 2360 in
600 2329 653 2360 ed.
676 2329 764 2366 Bas..
785 2336 847 2369 quo
869 2328 900 2358 in
921 2327 1073 2359 omnibus
1091 2335 1155 2358 ms.

367 2389 442 2418 866.
469 2387 600 2419 Vocis...
629 2384 764 2417 Arcadis
787 2384 818 2416 in
841 2385 893 2416 ed.
919 2385 1005 2421 lias..
1027 2383 1114 2414 notis
1133 2382 1165 2413 in
1187 2380 1342 2413 omnibus
1366 2389 1443 2418 ms,
1467 2377 1607 2410 Arcados

320 2444 352 2476 in
375 2454 436 2476 ms.
457 2445 494 2483 Α,
518 2444 554 2482 Β,
575 2442 611 2481 C,
634 2443 671 2481 D,
693 2444 727 2474 F.

365 2501 442 2532 871.
464 2499 588 2532 Loevam
609 2499 641 2531 in
663 2499 716 2531 ed.
741 2499 830 2537 Bas„
850 2497 928 2530 loeva
945 2497 978 2529 in
1000 2496 1149 2529 omnibus
1171 2504 1235 2526 ms.

367 2558 444 2589 873.
464 2557 546 2590 Hinc
567 2566 625 2599 pro
644 2556 696 2590 hic
718 2556 751 2588 in
773 2565 834 2587 ms.
859 2555 893 2594 E,
915 2556 949 2587 F.
