1865 2959
741 271 925 307 -029-

199 374 221 397 »
249 356 360 401 liber
374 369 501 400 meus
523 359 591 399 est
612 355 687 412 qui
710 354 966 398 inscribitur
984 357 1159 409 As1·zlea‹;
1192 355 1364 398 utinam
1388 358 1475 398 tam

198 451 219 473 »
248 433 362 477 foiici
393 433 515 477 exitu
544 432 823 476 claudcndus
854 433 950 476 seni
979 445 1114 489 quam
1141 446 1306 490 magno
1325 432 1475 475 animo

197 528 219 550 »
249 513 422 568 coeptus
445 510 688 568 estjuveni
709 509 774 557 (l).
801 527 822 549 J)

254 589 435 632 Constat
458 587 621 631 deinde
643 601 876 644 nunquam
898 585 1104 631 mendaci
1126 589 1305 638 natura,
1330 587 1402 631 vel
1428 587 1472 630 in

195 665 404 723 operibus
423 664 763 722 componendis,
797 663 1080 708 Petrarcham
1100 663 1254 708 fuisso.
1283 665 1375 714 Quo
1395 665 1474 708 sci-

192 741 294 785 licet
310 741 384 786 ille
405 740 650 784 studiosius
671 741 828 798 priscis
845 740 1135 798 scriptoribus
1159 740 1468 793 aemulabatur,

193 832 245 863 eo
268 819 516 863 accuratius
538 833 591 863 ex
613 818 769 863 alienis
798 818 956 870 hortis,
984 818 1094 861 furis
1116 818 1270 871 instar,
1296 832 1474 862 sumere

200 896 413 949 nolebat3
461 896 670 953 bonaque
707 895 825 948 fide,
860 908 917 939 ne
950 895 1136 938 nimiam
1176 896 1473 939 recentiorum

192 974 460 1032 scriptorum
494 974 795 1018 imitationem
828 974 1035 1017 affectare
1063 972 1311 1025 videretur,
1342 973 1472 1016 time-

191 1051 266 1095 bat
291 1068 299 1094 :
330 1069 351 1091 α
381 1051 591 1099 Verebar,
618 1052 693 1104 ait,
720 1065 777 1095 ne
799 1051 835 1094 si
854 1051 989 1109 hujus
1014 1051 1232 1107 (Dantis)
1262 1054 1338 1093 aut
1360 1050 1472 1094 alte-

192 1147 213 1169 »
242 1129 334 1172 rius
356 1128 485 1171 dictis
510 1128 739 1173 imbuerer
746 1163 836 1172 .....
873 1127 945 1172 vel
978 1128 1146 1172 invitus
1181 1141 1230 1171 ac
1266 1127 1472 1172 nesciens

191 1225 212 1246 »
242 1206 440 1250 imitator
471 1206 726 1251 evaderem.
764 1205 905 1258 Quod,
932 1209 981 1249 ut
1012 1209 1104 1249 orat
1136 1206 1313 1249 animus
1342 1206 1472 1249 annis

190 1302 211 1324 ))
241 1284 503 1336 audentior,
541 1284 835 1342 indignabar,
874 1287 1141 1341 tantumque
1177 1283 1353 1327 fiduciae
1391 1296 1470 1327 seu

188 1379 210 1401 »
240 1362 443 1406 elationis
474 1361 725 1413 indueram,
751 1365 800 1405 ut
834 1362 930 1405 sine
968 1361 1233 1419 cujusquam
1269 1360 1470 1404 mortalis

190 1456 210 1478 »
240 1439 420 1492 auxilio,
439 1439 484 1482 in
503 1453 555 1484 eo
574 1453 738 1497 genere
752 1438 807 1482 ad
827 1452 981 1483 meum
1000 1442 1042 1482 et
1059 1439 1289 1497 proprium
1310 1452 1469 1496 quem-

189 1534 209 1557 »
242 1516 345 1560 dam
369 1516 555 1561 modum
578 1518 871 1562 suffecturum
889 1517 1001 1560 mihi
1024 1517 1257 1575 ingenium
1278 1517 1466 1560 arbitra-

188 1613 209 1635 »
240 1609 382 1639 rer....
410 1596 504 1639 Hoc
531 1609 673 1638 unum
692 1609 784 1639 non
805 1594 1039 1638 dissimulo
1057 1631 1067 1647 ,
1092 1593 1213 1652 quod
1234 1594 1270 1638 si
1291 1593 1399 1652 quid
1423 1594 1468 1637 in

187 1690 208 1713 »
238 1686 289 1716 eo
312 1685 519 1716 sermone
537 1686 561 1716 a
579 1685 652 1716 me
672 1671 842 1716 dictum
863 1672 981 1715 iilius
1008 1675 1084 1715 aut
1106 1671 1290 1715 alterius
1313 1672 1467 1729 cujus-

187 1768 208 1790 »
237 1764 373 1808 quam
406 1751 523 1794 dicto
551 1751 712 1803 simile,
750 1751 844 1795 sive
877 1750 998 1794 idem
1034 1750 1149 1794 forte
1186 1764 1288 1793 cum
1318 1749 1466 1807 aliquo

186 1846 208 1869 »
237 1829 294 1872 sit
328 1830 591 1881 inventum,
625 1843 717 1872 non
752 1828 798 1872 id
820 1828 977 1872 furtim
1009 1832 1085 1871 aut
1119 1826 1323 1870 imitandi
1363 1840 1465 1884 pro-

186 1924 208 1946 »
236 1906 381 1964 posito
390 1941 475 1950 .....
527 1905 607 1951 sed
640 1907 712 1951 vel
752 1919 857 1950 casu
896 1906 1079 1949 fortuito
1130 1905 1298 1949 factum
1323 1915 1431 1949 ‘esse
1451 1941 1460 1957 ‚

186 2001 208 2023 »
237 1983 309 2028 vel
347 1983 642 2028 similitudino
674 1984 961 2042 ingeniorum
978 1983 1040 2029 (2).
1075 2001 1095 2023 »
1146 1983 1332 2026 Tantam
1375 1982 1465 2026 imo

184 2060 398 2106 adhibere
433 2063 479 2104 in
516 2075 568 2106 eo
600 2061 880 2119 diligentiam
921 2061 1079 2104 solitus
1119 2064 1235 2111 erat,
1263 2063 1311 2103 ut
1354 2058 1465 2103 illud

185 2139 373 2184 verbum
400 2140 455 2184 ab
478 2140 574 2198 ipso
603 2140 833 2198 scriptum:
861 2141 973 2190 Quid
997 2143 1119 2182 enlm
1139 2154 1231 2181 ozon
1257 2141 1465 2181 carmma

178 2222 390 2272 possunt?
412 2218 570 2275 legerit
591 2218 637 2260 in
662 2217 818 2261 Ovidio
841 2217 1082 2274 statimque
1102 2218 1183 2259 ita:
1209 2218 1321 2266 0(an
1343 2218 1463 2257 enim«

187 2297 279 2336 vim
297 2298 512 2336 carminis*
528 2301 668 2348 {etlam}
691 2292 1006 2351 corrigendum
1025 2292 1244 2337 curaverit
1260 2292 1325 2337 (3).
1345 2291 1464 2334 Alias

228 2437 275 2475 (1)
298 2435 389 2467 Fam.
409 2444 441 2472 x,
465 2438 494 2466 4.

226 2493 274 2533 (2)
291 2492 384 2524 Fam.
407 2501 474 2530 xm,
497 2495 549 2524 15.

227 2551 274 2589 (3)
292 2549 383 2580 Fam.
406 2557 487 2587 xxii,
510 2551 540 2580 2.
569 2563 579 2576 ι
618 2549 720 2580 Vitam
742 2550 821 2580 mihi
849 2550 966 2581 alienis
994 2549 1088 2580 dictis
1108 2559 1143 2581 ac
1173 2549 1303 2581 monitis
1333 2559 1461 2588 ornare,
