1865 2959
899 251 1081 286 ,88-

335 336 529 376 Necdum
545 347 746 388 purpureo
767 334 916 376 nitidas
941 348 963 376 a
982 334 1143 376 cardine
1166 335 1300 376 valvas

354 408 520 458 Vellere,
538 419 607 448 seu
629 419 764 448 roseas
779 419 884 448 ausa}
904 419 1080 448 reserare
1099 406 1294 447 fenestras

349 480 537 520 Excirent
556 479 762 519 dominam
780 479 939 520 famulae
963 492 1050 532 quae
1079 479 1221 520 soecula
1239 480 1424 529 volvunt,

349 555 495 593 Fessus
512 557 550 592 et
571 552 655 604 ipse
674 557 791 604 eaput
818 552 965 604 posuit.
991 554 1095 591 Tum
1115 552 1269 592 lumina
1289 552 1415 592 duleis
1554 555 1630 592 1160

351 625 463 665 Victa
478 636 595 676 sopor
618 624 774 674 clausit,
798 624 976 676 coeloque
993 624 1139 664 emissa
1156 624 1287 664 silenti

352 696 501 738 Umbra
524 696 680 747 ingens,
700 695 898 748 faciesque
918 695 1040 748 patris
1064 707 1133 748 per
1152 695 1290 735 nubila
1310 678 1455 748 raptim

351 768 532 819 Adstitit,
551 768 769 808 ostendens
788 779 876 808 caro
899 767 1115 820 praecordia
1134 772 1244 817 nato,

351 842 399 880 Et
423 839 541 889 latus,
562 844 601 879 et
622 838 752 878 multa
774 838 1016 878 transfixum
1041 838 1205 890 cuspide
1223 842 1377 890 pectus.

352 911 523 963 Diriguit
539 916 643 951 totos
664 910 828 963 juvenis
850 910 1095 950 fortissimus
1110 915 1235 960 artus,
1557 914 1632 951 165·

350 986 602 1035 Arrectaeque
630 982 796 1022 horrore
822 994 960 1022 comte.
984 985 1097 1022 Tune
1121 982 1187 1023 ille
1207 986 1420 1035 paventem

351 1055 535 1108 Corripit,
553 1059 591 1095 et
612 1060 704 1095 noto
727 1054 982 1107 permulcens
1000 1055 1143 1107 incipit
1163 1066 1230 1095 ore
1260 1069 1268 1094 ε

360 1142 377 1165 «
397 1129 427 1168 Ο
445 1127 566 1167 decus
585 1132 798 1175 aeternum,
817 1127 1054 1179 generisque
1075 1126 1324 1179 amplissima
1348 1127 1475 1167 nostri

353 1199 499 1250 Gloria,
521 1203 596 1239 eto
618 1199 755 1251 patria}
770 1199 936 1239 tandem
957 1211 1047 1251 spes
1071 1210 1152 1238 una
1174 1198 1341 1249 labanti,

353 1272 457 1312 Siste
475 1276 630 1312 metum
653 1271 905 1323 memorique
927 1270 1061 1311 animo
1077 1282 1166 1310 mea
1186 1271 1290 1311 dicta
1307 1271 1493 1311 reconde.
1562 1274 1634 1310 170

352 1344 538 1396 Optimus
561 1356 649 1384 ecce
667 1343 832 1384 brevem
839 1374 851 1393 ,
874 1344 943 1383 sed
963 1356 1067 1396 quee,
1089 1343 1168 1382 nisi
1189 1343 1376 1395 despiciS,
1399 1343 1540 1383 horam

352 1415 476 1456 Multa
498 1414 597 1456 ferat
618 1415 812 1467 placitura
833 1415 943 1455 dedit
967 1416 1196 1455 moderator
1210 1414 1386 1467 Olympi.

356 1488 421 1528 llle
451 1488 552 1528 meis
568 1487 697 1528 victus
717 1487 902 1539 precihus
923 1487 1123 1527 stellantia
1138 1486 1224 1527 coeli

353 1560 524 1609 Limina,
545 1571 753 1612 perrarum
774 1571 941 1610 munus,
957 1558 1157 1612 patefecit,
1183 1564 1221 1599 et
1241 1558 1381 1599 ambos

353 1632 565 1673 Viventem
586 1637 795 1684 penetrare
817 1632 929 1684 polos
950 1632 1147 1685 permisit,
1176 1636 1220 1672 ut
1250 1637 1357 1672 astra
1562 1634 1634 1671 175

353 1706 414 1745 Me
437 1704 536 1744 duce
560 1709 599 1744 et
625 1704 810 1756 obliquos
831 1704 964 1754 ealles,
987 1704 1204 1756 patrizeque
1223 1703 1378 1743 labores

353 1777 485 1828 Atque
506 1780 613 1826 tuos,
636 1780 675 1816 et
690 1776 821 1816 adhuc
839 1776 956 1816 terris
976 1776 1113 1829 ignota
1138 1787 1321 1816 sororum

354 1847 549 1897 Stamina,
567 1852 655 1887 tum
675 1847 802 1899 rigido
821 1853 1050 1888 contortum
1070 1847 1210 1900 pollice
1232 1847 1359 1887 fatum

354 1919 548 1971 Aspicias.
571 1921 658 1960 Huc
670 1919 784 1960 flecte
808 1920 1006 1960 animum.
1028 1920 1158 1960 Viden
1178 1919 1245 1960 illa
1267 1919 1340 1959 sub
1361 1923 1495 1959 austro

355 1991 514 2041 Moenia,
538 1996 576 2032 et
592 1990 733 2032 infami
753 1992 929 2044 peritura
946 1991 1092 2044 palatia
1118 1995 1256 2032 monte
1560 1993 1636 2030 ,180

355 2062 556 2103 Femineis
574 2062 740 2104 fundata
758 2063 888 2104 dolis?
907 2064 1036 2104 Viden
1054 2063 1185 2116 ampla
1199 2062 1405 2103 furentum

355 2135 542 2185 Concilia‚
571 2139 609 2176 et
628 2135 762 2188 tepido
783 2135 1000 2177 stillantem
1020 2136 1214 2188 sanguine
1231 2134 1424 2175 turbam?

402 2312 476 2342 162.
500 2310 596 2353 Rapti
613 2311 646 2343 in
669 2312 722 2343 ed.
746 2311 834 2350 Bas„
855 2312 976 2353 raptim
995 2312 1028 2343 in
1047 2321 1106 2342 ms.
1131 2313 1169 2348 A,
1184 2311 1222 2348 B,
1243 2312 1277 2348 C,
1300 2312 1336 2347 Ι),
1360 2311 1394 2341 Ε.

401 2369 477 2400 165.
503 2367 612 2405 Totus,
626 2372 729 2407 actus,
751 2369 782 2400 in
803 2370 855 2400 ed.
877 2371 964 2408 Bas„
985 2371 1081 2407 totos,
1103 2371 1205 2407 artus,
1226 2367 1256 2398 iu
1278 2368 1429 2399 omuibus
1452 2378 1514 2398 ins.

402 2426 477 2456 169.
499 2424 650 2457 Labantis
672 2436 728 2466 pro
747 2426 871 2457 labanti
892 2426 925 2457 in
940 2434 1000 2457 ms.
1023 2426 1059 2456 E.

402 2482 429 2512 1·
447 2483 477 2512 ιἰ.
506 2481 677 2513 Terrarum
699 2483 730 2513 iu
749 2484 800 2513 ed.
826 2484 899 2522 Bas,
917 2492 1090 2524 perrarum
1109 2482 1139 2513 in
1160 2481 1311 2514 omnibus
1332 2492 1392 2514 nis.

403 2539 465 2571 178
506 2538 583 2571 Tum
607 2539 637 2571 in
656 2540 708 2571 ed.
733 2539 820 2578 Bas„
843 2540 927 2571 tuin
950 2549 1010 2572 ins.
1031 2542 1067 2577 Α,
1090 2548 1163 2572 cum
1184 2539 1217 2571 in
1236 2549 1298 2570 ms.
1317 2539 1350 2571 E.
