1865 2959
795 260 1003 295 —353—

262 345 333 386 Hie
356 345 520 385 tandem
539 344 729 384 ascendet
748 342 940 395 Capitolia
961 346 1108 391 vestra,
1134 353 1207 381 nec
1225 341 1357 394 ipsum

264 417 437 457 Mundus
457 416 566 455 iners
583 415 806 467 studiisque
828 414 914 454 aliis
933 418 1028 453 tunc
1050 413 1158 453 ebria
1171 413 1288 453 turba

264 487 457 528 Terrebit.
484 487 587 535 Quin
606 486 753 538 insigni
779 485 1006 525 frondentia
1028 485 1138 524 lauro

265 561 461 610 Tempora
480 558 729 598 descendens
747 556 891 597 referat
907 555 1123 595 comitante
1145 560 1287 595 senatu
1309 569 1318 593 z

266 630 335 669 Hic
359 629 478 669 modo
499 634 634 668 tantus
655 640 780 677 amor,
802 632 912 668 tanta
934 632 993 667 est
1011 627 1235 667 reverentia
1254 626 1355 666 lauri
1373 628 1381 665 !

266 701 462 741 Omnibus
482 713 529 740 ex
556 700 678 752 sylvis
694 703 777 751 jam
806 711 913 739 nunc
934 698 1009 738 sibi
1029 698 1178 751 gratior
1198 709 1277 737 una
1300 703 1359 737 est

265 771 468 824 Delphica,
489 773 655 823 jamque
675 783 798 811 novas
819 770 933 810 discit
952 774 1188 810 connectere
1204 768 1382 808 frondes,

266 845 377 883 Serta
400 855 557 895 gerens,
575 845 660 895 jain
685 843 843 883 venturi
870 842 1061 894 praesagia
1080 841 1278 890 mulcens,

264 917 340 955 Iste
365 915 589 954 senescenti
610 919 766 954 1311111111
789 914 854 954 1110
874 914 915 953 111
934 919 1119 965 tempore
1141 914 1279 952 Romae

264 987 397 1026 Carior
417 997 578 1026 annosae
598 991 795 1038 quantum
820 985 1049 1036 contingere
1070 984 1187 1024 matri

264 1057 386 1097 Filius
406 1057 472 1097 ille
489 1057 603 1106 solet,
625 1068 744 1109 quem
763 1061 853 1108 post
872 1056 1096 1108 lacrymosa
1117 1054 1296 1107 sepulcra

263 1131 452 1169 Natorum
477 1129 606 1168 viduae
629 1128 774 1168 sterilis
793 1128 957 1167 tandem
979 1127 1112 1167 attulit
1132 1126 1257 1166 alvus.

264 1201 332 1241 Illa
350 1202 527 1254 quidem,
554 1212 641 1253 111131
656 1202 740 1252 jam
763 1200 902 1239 lustris
924 1199 980 1238 nil
1001 1199 1079 1239 tale
1099 1198 1284 1239 ducentis

265 1273 431 1321 Viderit,
455 1273 563 1313 hunc
582 1284 727 1324 niagno
755 1271 947 1324 spectabit
970 1271 1058 1310 laeta
1075 1270 1224 1320 favore,

264 1348 414 1386 Laurea
434 1346 530 1385 dum
555 1345 697 1397 capiet,
721 1344 816 1384 dum
836 1343 997 1395 templis
1024 1347 1127 1383 serta
1146 1342 1360 1394 relinquet,

268 1417 544 1469 Primitiasque
570 1429 661 1456 suas
685 1421 842 1456 sanctas
867 1414 1000 1467 affiget
1025 1414 1073 1454 ad
1094 1426 1196 1454 aras.

267 1489 495 1529 Florentina
515 1489 646 1529 omnis
667 1488 793 1540 magis
820 1493 863 1528 ut
881 1488 932 1527 sit
955 1492 1063 1539 grata
1086 1498 1275 1539 propago,

265 1562 373 1602 Idem
403 1573 509 1602 nnus
528 1561 616 1611 tihi,
649 1563 789 1609 Roma,
811 1559 935 1608 dabit,
964 1571 1037 1599 nec
1056 1559 1239 1611 protinus
1259 1557 1399 1598 urbem

267 1634 459 1674 Poeniteat
482 1634 600 1673 Tusci
621 1632 811 1672 fundasse
833 1632 881 1671 ad
900 1631 1065 1683 gurgitis
1086 1631 1251 1670 undam.

266 1705 335 1745 Hic
355 1717 513 1758 quoqne
532 1715 771 1756 magnorum
790 1703 930 1743 laudes
952 1702 1157 1742 studiosus
1175 1713 1340 1742 avorum

265 1777 420 1829 Digeret
439 1782 616 1817 extrema
638 1776 819 1827 relegens
838 1774 886 1814 311
908 1775 1060 1826 origine
1082 1779 1207 1814 sortes

263 1848 496 1889 Romulidas
517 1854 776 1900 vestrumque
796 1859 923 1900 genus
943 1858 1128 1886 sermone
1149 1845 1278 1886 soluto

264 1920 481 1960 Historicos
511 1919 728 1971 titulosque
755 1919 850 1959 viris
873 1924 912 1959 et
935 1918 1102 1958 nomina
1122 1917 1276 1957 reddet.

266 1995 309 2032 [n
328 1993 460 2032 medio
483 1991 677 2043 effulgens
697 2003 769 2031 nec
788 2001 950 2043 corpore
971 2001 1119 2042 parvus
1141 1989 1282 2029 eodem

264 2065 429 2116 Magnus
449 2064 523 2104 erit
546 2063 690 2115 Scipio,
721 2074 842 2115 seque
862 2063 948 2114 ipse
962 2060 1152 2101 fatebitur
1171 2061 1274 2100 ultro

266 2135 358 2175 Plus
380 2135 479 2175 nulli
498 2135 641 2176 debere
660 2134 759 2174 viro.
791 2136 842 2174 At
861 2133 892 2173 si
915 2133 997 2173 vita
1022 2131 1204 2172 manebit

264 2207 447 2259 Longior,
478 2212 517 2247 et
535 2206 645 2247 nullo
666 2210 876 2258 praevertet
894 2204 1055 2245 turbine
1075 2208 1250 2255 coeptum

307 2365 382 2394 238.
411 2363 520 2397 Vestra
538 2373 621 2395 corr.
645 2373 703 2403 pro
725 2363 810 2395 celsa
832 2363 861 2393 in
886 2372 946 2394 ms.
969 2363 1006 2392 Α.

306 2422 383 2452 248.
405 2421 466 2452 Iste
484 2420 514 2451 iu
537 2422 588 2452 ed.
612 2421 701 2457 Bas„
720 2420 775 2452 ille
796 2420 828 2451 in
847 2419 998 2451 omnibus
1018 2428 1079 2449 ms.

306 2479 382 2508 259.
405 2477 622 2518 Nostrumque
639 2486 697 2517 pro
711 2480 915 2516 vestrumque
937 2475 969 2506 in
990 2484 1052 2506 ms.
1076 2476 1112 2504 Α.

310 2537 384 2566 260.
409 2534 588 2566 Historicus
603 2544 659 2574 pro
681 2533 849 2565 historicos
870 2533 902 2563 in
926 2542 987 2563 ms,
1010 2532 1041 2562 E.

1310 2591 1355 2625 23

1467 485 1546 524 0240

1469 1918 1546 1955 ί32110
