1865 2959
881 227 1095 263 -02028—

343 313 458 351 Hunc
479 311 627 351 adeunt
644 311 749 363 jussi
771 310 964 365 laudique
984 311 1148 365 peritior
1168 324 1273 353 unus

340 383 403 423 Sic
427 383 511 423 ait:
544 398 561 420 «
581 384 612 423 O
636 383 770 437 Libyci
799 383 919 425 decus
945 389 984 424 et
1011 396 1101 437 spes
1128 384 1271 426 ultima
1295 386 1454 437 mundi,

338 458 368 494 Ο
390 455 524 507 patrlae
541 456 625 507 jani
649 455 732 495 sola
751 455 872 507 salus,
893 456 1084 497 miserere
1108 462 1290 505 tuorum,

338 529 445 576 Quos
466 526 548 568 fera
568 528 735 568 terribili
756 534 874 569 vexat
897 528 1060 570 fortuna
1080 529 1277 570 tumultu.

338 600 521 652 prospice
539 600 784 653 pendentem
803 606 955 641 mutata
975 600 1107 642 fronte
1126 602 1286 642 ruinam

339 673 545 712 Fatorum.

335 747 426 786 Jam
443 750 512 785 tua
530 745 748 798 suppositis
767 746 953 786 arderent
971 746 1120 786 moenia
1137 745 1326 796 flammis,

337 818 382 857 Ni
407 817 545 869 procul
570 817 747 857 absentis
773 818 981 870 prodesset
1008 817 1162 858 civibus
1188 818 1334 870 ingens

337 892 457 929 Fama
481 889 554 939 tui,
577 902 796 942 vereorque
816 890 940 930 miser
959 902 1024 940 no,
1047 890 1145 930 dum
1165 902 1323 942 aequore
1346 890 1424 930 lato

338 965 423 1002 Huc
441 961 624 1014 ferimur,
646 963 787 1015 patriis
808 968 944 1004 errent
965 963 1152 1004 incendia
1172 964 1286 1004 tectis
1306 978 1314 1013 ;

334 1036 516 1087 Namque
542 1035 616 1075 sub
639 1040 865 1075 extremum
889 1035 1125 1088 subitosque
1145 1035 1342 1075 minantia
1361 1047 1475 1075 casus

335 1107 559 1159 Liquimus.
586 1107 755 1160 Imperio
778 1113 898 1160 atque
920 1107 1009 1148 urbi
1038 1119 1224 1148 succurre
1245 1108 1434 1148 trementi

335 1182 430 1228 Qua}
449 1185 623 1230 revocat,
653 1179 863 1233 fidumque
884 1180 957 1219 sibi
983 1185 1096 1220 trans
1119 1192 1279 1232 aequora
1303 1191 1454 1220 nomen

337 1255 497 1293 Invocat
522 1264 589 1293 ore
609 1253 673 1305 pio
694 1267 703 1303 3
732 1258 775 1293 tu
797 1253 859 1293 vel
892 1258 931 1293 te
953 1253 1076 1293 redde
1091 1253 1286 1306 precanti,

335 1325 407 1366 Vel
434 1337 596 1366 causam
620 1331 659 1366 te
686 1330 725 1366 te
752 1331 901 1366 nostrae
926 1325 1074 1366 fateare
1100 1325 1246 1365 ruinae.

334 1399 506 1450 Jamque
524 1402 619 1438 tuus
636 1398 792 1451 Libycis
815 1398 909 1448 (nisi
928 1410 992 1438 me
1011 1398 1203 1450 praesagia
1222 1397 1381 1448 fallunt)

336 1470 554 1510 Littoribus
572 1470 763 1511 reducem
785 1469 908 1511 frater
930 1483 1050 1522 super
1068 1482 1229 1523 aequora
1250 1469 1418 1509 classem

334 1541 494 1595 Alligat,
523 1547 562 1583 at
581 1541 754 1583 frustra:
782 1542 955 1583 fratrum
975 1543 1095 1583 modo
1120 1542 1255 1592 turba,
1282 1547 1474 1594 paterque

335 1615 504 1655 Martius
525 1615 720 1656 aethereas
739 1615 901 1655 rediens
920 1615 1096 1655 invictus
1116 1615 1165 1654 ad
1185 1626 1302 1654 auras

333 1686 542 1727 Auxilium
568 1687 669 1728 ferat
699 1687 883 1728 afflictis:
911 1699 994 1727 non
1019 1688 1077 1727 ira
1099 1690 1273 1727 Deorum

331 1760 429 1798 Tam
452 1759 552 1800 levis
572 1765 639 1800 aut
662 1760 730 1800 tali
752 1766 851 1800 nent
873 1760 1047 1800 stamina
1067 1759 1209 1812 pollice
1231 1759 1326 1799 dira]

335 1834 551 1872 Parcarum
577 1844 686 1872 nunc
708 1838 844 1872 nostra
865 1844 1012 1872 manus
1033 1847 1041 1882 3
1069 1831 1139 1872 tibi
1162 1831 1311 1872 credita
1333 1829 1405 1870 soli

331 1904 437 1955 Vita,
462 1904 584 1955 salus,
613 1905 750 1955 decus,
774 1910 811 1945 et
833 1905 970 1945 miseri
993 1909 1088 1944 sunt
1115 1903 1251 1944 omnia
1272 1902 1400 1955 regni.
1423 1918 1441 1940 »

334 1975 456 2026 Dixit,
480 1980 518 2015 et
536 1975 694 2016 invictae
709 1976 936 2029 lacrymans
958 1975 1067 2016 dedit
1082 1975 1214 2014 oscula
1237 1975 1402 2014 dextrae.

335 2047 403 2087 Ille
423 2053 679 2100 perorantem
699 2048 866 2101 querulo
888 2060 979 2088 cum
1008 2058 1217 2087 murmure
1240 2058 1399 2098 semper

333 2120 540 2171 Audierat,
567 2120 839 2173 frendensque
862 2132 1008 2161 manus
1032 2123 1337 2172 compresserat,
1357 2123 1395 2158 et
1417 2130 1459 2158 se

334 2194 535 2233 Torserat.
579 2193 696 2233 Haud
717 2192 831 2233 aliter
850 2204 972 2245 quam
993 2191 1171 2233 carmina
1200 2190 1321 2231 noxia
1344 2201 1509 2242 serpens

377 2349 455 2379 too.
476 2349 572 2380 Forte
593 2348 711 2380 melius
729 2348 865 2381 subeant
886 2348 978 2391 (nota
998 2357 1060 2379 ms.
1081 2346 1131 2389 Α).

377 2407 454 2436 άθό.
482 2404 557 2437 Tuis
577 2406 609 2437 in
629 2407 682 2438 etl.
704 2406 793 2445 Bas„
815 2410 890 2438 tuus
911 2406 942 2436 in
965 2405 1118 2437 omnibus
1139 2414 1203 2436 ms.

375 2464 453 2494 409.
476 2463 614 2496 Rediens
636 2463 781 2495 additum
800 2463 833 2495 111
855 2474 914 2495 ms.
935 2465 972 2502 A,
994 2465 1025 2494 et
1046 2462 1186 2494 subinde
1207 2461 1238 2492 in
1263 2460 1346 2493 aliis.

376 2522 452 2552 411.
477 2521 571 2553 Dnrce
590 2521 620 2552 in
639 2523 691 2554 ed.
713 2523 801 2561 Bas„
822 2521 901 2554 dirce
924 2521 954 2553 111
978 2530 1039 2552 ms.
1060 2521 1097 2555 Λ,
1117 2520 1151 2558 B,
1172 2521 1206 2559 C,
1226 2521 1264 2552 D.

1549 605 1628 644 395

1549 966 1625 1004 too

1544 1326 1624 1364 405

1544 1687 1586 1725 411
1597 1688 1622 1725 Ο

1541 2046 1618 2084 415
