1865 2959
862 330 903 336 —
931 310 1000 345 :308
1030 330 1070 335 —

328 393 480 432 Rursus
498 392 582 432 abit
600 392 786 442 latebras,
809 393 1034 447 coelumque
1065 394 1199 435 videre
1218 401 1390 436 recusat.

325 464 421 504 Inde
440 464 569 517 pudor
589 465 822 518 mixtusque
840 466 954 506 dolor
974 465 1093 506 simul
1113 466 1171 506 ira
1192 478 1394 520 pavorque

323 537 421 575 Cum
449 540 659 588 quaterent
677 537 859 577 animum
880 538 1056 588 assidue,
1077 542 1262 590 tutasque
1284 543 1445 591 negaret

322 609 444 648 Fama
463 620 596 649 moras
615 609 824 662 hostisque
842 610 997 659 odium,
1020 616 1169 651 secreta
1186 611 1337 662 paravit

320 679 475 732 Effugia
489 681 743 735 occultosque
764 683 917 731 abitus3
942 682 1154 735 lucemque
1172 695 1242 735 per
1260 695 1423 724 omnem

319 752 469 793 Multus
493 754 632 795 adesse
652 754 751 805 foro,
774 755 922 808 populo
945 767 985 795 se
1005 755 1153 795 inferre
1175 756 1374 808 sequenti.

318 825 493 877 Vespere
513 825 725 866 thesauros
744 827 794 867 ad
814 827 996 879 proxima
1015 826 1147 867 littora
1166 827 1291 867 mittit

318 898 519 948 Ingentes,
541 909 661 950 seque
683 898 768 950 ipse
786 910 910 950 vagus
936 911 1006 939 ceu
1026 898 1230 939 moenibus
1251 897 1377 939 effert.

314 969 500 1021 Dumque
525 969 604 1021 poli
627 969 806 1010 medium
829 982 909 1010 nox
927 971 1170 1022 intempesta
1190 975 1354 1020 rotaret,

313 1041 554 1080 Conscendit
574 1041 741 1093 puppim
770 1042 915 1082 tacitus
937 1057 946 1091 ;
976 1048 1063 1082 tum
1086 1042 1249 1082 carbasa
1270 1042 1399 1082 ventis

313 1112 472 1162 Pandit‚
494 1117 532 1152 et
550 1112 738 1153 infaustae
764 1114 1007 1154 condemnat
1030 1114 1143 1154 littus
1168 1126 1314 1154 areme.

310 1186 399 1225 Jam
422 1185 559 1238 procul
583 1186 737 1227 ltaliam
764 1187 901 1240 pelago
927 1187 1134 1240 spectabat
1154 1187 1202 1227 ab
1225 1187 1304 1227 alto

309 1257 539 1309 Suspirans,
563 1264 837 1312 reputansque
858 1259 918 1299 sui
946 1259 1165 1311 primordia
1183 1258 1268 1298 fati.

309 1329 395 1369 Stat
419 1342 561 1382 regum
580 1335 735 1372 tentare
755 1331 892 1382 fidem,
918 1330 1092 1384 ferrique
1116 1331 1223 1384 quod
1245 1343 1415 1383 usquam
1437 1336 1494 1370 est

308 1401 356 1440 Et
375 1400 527 1441 belluni
549 1414 743 1443 renovare
767 1402 913 1454 ferum7
936 1403 1218 1456 mundumque
1236 1402 1420 1455 procellis

308 1474 515 1525 Exagitare
536 1474 637 1515 aliis.
659 1475 910 1528 Jainpridem
933 1487 1103 1528 magnus
1122 1475 1164 1515 in
1186 1475 1308 1515 arinis

306 1547 388 1586 Rex
410 1551 493 1586 erat
513 1547 759 1597 Antiochus3
783 1547 1009 1600 SyrieeJam
1034 1553 1182 1588 tractus
1204 1553 1242 1587 et
1263 1548 1396 1588 onmis

304 1617 613 1670 Hellespontiaci
631 1618 842 1660 fervebant
866 1620 1011 1660 littoris
1035 1619 1170 1660 urbes.

301 1691 471 1743 Jamque
491 1691 696 1743 Ephesum
716 1692 810 1732 belli
835 1693 971 1733 sedem
998 1705 1067 1733 rex
1088 1693 1173 1745 ipse
1197 1692 1374 1732 tenebat.

301 1762 476 1814 AEquore
490 1764 574 1815 jam
597 1763 743 1804 classes
763 1764 995 1818 campisque
1017 1764 1223 1817 equitatus
1239 1765 1384 1817 apertis
1402 1779 1412 1814 3

342 1968 419 1999 289.
440 1969 485 2000 Ea
505 1978 565 2001 vox
581 1978 745 2010 pavorque
764 1970 873 2001 addita
892 1972 941 2001 est
959 1969 1121 2010 posterius
1140 1970 1173 2001 in
1195 1979 1258 2001 ms.
1279 1971 1316 2001 Α.

343 2026 420 2056 290.
444 2025 582 2058 Assiduo
602 2026 633 2057 in
654 2027 707 2058 ed.
726 2027 816 2065 Bas,
839 2026 966 2059 assidue
985 2026 1019 2058 in
1041 2027 1194 2058 omnibus
1210 2036 1273 2058 ms.

342 2083 419 2113 292.
440 2082 576 2115 Habitus
596 2083 629 2115 in
650 2084 703 2116 ed.
721 2084 809 2122 Bas„
825 2083 931 2115 abitus
952 2083 983 2114 in
1005 2093 1067 2115 ms.
1090 2085 1127 2121 Α,
1148 2085 1182 2115 F.

341 2140 417 2171 293.
438 2139 615 2181 Frequentt'
636 2140 670 2172 in
691 2141 742 2172 ed.
764 2141 854 2179 Bas,
870 2142 1017 2182 sequenti
1038 2141 1069 2172 in
1089 2151 1147 2173 ms.
1171 2143 1207 2173 A.

340 2196 417 2227 298.
439 2195 654 2230 Commendat
676 2198 706 2229 in
729 2200 780 2230 ecl.
798 2200 887 2235 Bas„
909 2198 1104 2230 condemnat
1125 2199 1157 2229 in
1174 2198 1325 2230 omnibus
1343 2208 1404 2230 ms.

1527 541 1604 580 290

1523 902 1546 939 10

1549 902 1600 940 ᾗ

1519 1259 1597 1298 300

1513 1622 1590 1660 305

339 2254 415 2283 ³00.
443 2253 669 2295 Reputansque
691 2255 722 2286 in
744 2256 795 2287 ed.
819 2256 891 2287 Bas.
923 2259 955 2286 et
984 2255 1016 2286 in
1051 2255 1159 2295 priore
1180 2256 1320 2288 lectione
1346 2265 1407 2287 ms.
1429 2256 1466 2294 Α,
1489 2264 1581 2298 repe-

291 2311 424 2350 tensque
443 2310 475 2342 in
498 2320 560 2343 ms.
582 2313 619 2343 Α.
649 2312 762 2354 (corr.)
787 2315 818 2345 et
838 2323 898 2344 ms.
922 2313 960 2352 B,
983 2313 1018 2352 C,
1047 2313 1082 2344 D.
1105 2312 1196 2345 Facti
1216 2314 1249 2345 in
1279 2314 1332 2346 ed.
1352 2314 1440 2352 Bas„
1460 2312 1521 2354 fati
1548 2313 1579 2344 in

291 2367 443 2399 omnibus
465 2378 527 2400 ms.

333 2425 409 2455 301.
433 2424 508 2457 Feri
529 2425 561 2457 in
585 2427 639 2458 ed.
662 2427 751 2463 Bas,
773 2426 854 2466 ferri
875 2428 907 2458 iu
931 2427 1084 2459 omnibns
1100 2437 1160 2459 ms.

331 2482 404 2512 302.
427 2481 588 2515 Revocare
609 2484 641 2515 in
671 2485 724 2516 ed.
749 2485 838 2523 Bas„
860 2493 1014 2516 renovare
1037 2484 1067 2515 in
1088 2485 1241 2517 omnibus
1262 2494 1324 2517 ms.

331 2539 406 2569 307.
431 2537 554 2572 Classes
576 2540 609 2571 in
631 2541 683 2572 ed.
708 2542 780 2573 Bas.
813 2544 844 2573 et
865 2541 897 2572 in
920 2551 979 2572 ms.
999 2542 1037 2580 Α,
1056 2542 1168 2574 classis
1189 2543 1221 2574 in
1242 2552 1302 2574 ms.
1320 2543 1356 2581 B,
1371 2542 1405 2581 C,
1424 2543 1462 2575 D.
1478 2541 1576 2575 Cam-

283 2595 334 2636 pis
351 2595 383 2626 in
405 2597 457 2628 ed.
478 2597 566 2635 Bas..
587 2599 772 2640 campisque
789 2598 820 2629 in
842 2599 996 2630 omnibus
1014 2608 1073 2630 ms.
