1865 2959
858 209 1069 245 —202-

320 289 432 327 Unus
456 288 543 337 erit,
572 289 703 342 Scipio
724 296 882 331 nostros
902 304 984 332 uon
1006 294 1159 335 scindet
1178 308 1350 337 amores.
1526 302 1606 340 545

317 361 347 395 (⁷)
369 360 520 399 utinam
548 360 717 401 infernis
742 363 862 403 etiam
884 377 992 405 nuuc
1011 378 1090 406 una
1112 367 1274 407 latebris

320 432 467 472 Umbra
489 433 641 473 simus!
671 434 800 475 Liceat
825 438 973 488 pariter
996 450 1067 490 per
1085 439 1257 480 claustra
1277 442 1406 493 vagari

318 506 482 555 Myrtea,
506 517 578 545 nec
606 512 765 547 nostros
785 509 914 560 Scipio
935 509 1138 562 disjungat
1159 524 1330 553 amores,

319 576 468 615 {bimus
494 589 572 617 una
593 579 713 619 ambo
733 580 891 629 flentes,
917 587 953 621 et
980 582 1164 633 passibus
1184 583 1312 624 isdem

315 647 479 699 lliimus,
501 654 649 690 {eterno
669 652 835 691 connexi
855 651 1016 701 studere,
1044 666 1116 694 nec
1134 667 1208 695 nos
1523 661 1601 698 550

316 722 481 761 Ferreus
502 728 569 762 aut
592 729 752 763 nostros
771 725 900 776 Scipio
925 725 1191 779 interrumpet
1213 739 1384 769 amores.

315 794 513 834 luvitliosa
533 796 624 835 Deis
648 796 763 836 Erebi
784 797 1014 850 populoque
1034 798 1227 840 silentum

311 867 366 905 Ae
387 867 538 906 Cereris
562 879 723 918 genero,
749 869 985 922 cunctisque
1010 870 1163 910 beatior
1186 872 1353 921 umbris,

310 937 460 977 Umbra
485 937 601 988 l'erar,
624 940 760 980 dulces
783 952 855 980 nec
874 942 1004 994 Scipio
1030 942 1183 995 franget
1209 956 1381 985 amores.

311 1009 377 1049 llle
396 1010 558 1063 quidem
581 1012 793 1064 astrigeros
812 1018 963 1053 tractus
984 1014 1210 1068 coelumque
1230 1016 1383 1057 tenebit
1520 1020 1597 1058 555

313 1084 398 1121 Dux
420 1095 529 1123 sacer
550 1083 740 1124 humanis
765 1085 809 1124 iu
831 1091 960 1126 totum
984 1087 1163 1127 moribus
1189 1089 1333 1141 impar,

311 1156 388 1194 Nec
411 1155 513 1195 volet
535 1155 712 1196 infernas
734 1158 849 1197 sedes
870 1163 937 1198 aut
959 1159 1104 1210 pallida
1135 1161 1234 1200 Dilis

310 1229 443 1279 Regna
465 1229 592 1280 sequi,
615 1234 682 1269 aut
702 1230 868 1282 cupidos
890 1231 1037 1271 iterum
1059 1232 1236 1272 turbabit
1255 1239 1451 1274 amantes.

307 1301 337 1340 Ο
362 1300 517 1339 utinam
543 1301 737 1354 Libycum
759 1314 968 1355 nunquam
990 1305 1200 1345 transisset
1220 1306 1263 1345 in
1281 1306 1446 1347 orbem!

307 1374 337 1412 Ο
361 1374 514 1413 utinam
534 1375 655 1414 Latiis
677 1387 835 1428 semper
854 1378 1071 1418 mansisset
1089 1379 1132 1418 in
1158 1380 1237 1420 oris
1256 1382 1264 1421 1
1515 1386 1592 1423 560

306 1447 407 1494 Quid
433 1459 571 1499 precor
592 1447 669 1487 heu
691 1447 860 1488 demens
875 1450 894 1489 ἶ)
921 1450 961 1490 Si
987 1462 1070 1490 non
1091 1451 1283 1500 venisset,
1305 1453 1443 1495 amicae

309 1521 353 1557 Et
375 1519 492 1559 decor
517 1525 555 1558 et
574 1520 725 1571 species
745 1519 946 1574 faciesque
968 1522 1172 1563 simillima
1199 1524 1271 1563 soli

306 1592 393 1630 Non
413 1591 512 1631 mihi
533 1598 628 1632 nota
649 1592 750 1632 foret
777 1608 784 1631 :
810 1594 896 1634 sine
915 1607 994 1647 qua
1012 1607 1086 1636 nec
1108 1597 1185 1636 vita
1204 1597 1346 1638 fuisset

305 1663 426 1702 Grata
445 1664 608 1716 quidem
628 1665 777 1716 pariter
797 1672 947 1718 quanta
971 1673 1029 1708 est
1047 1669 1270 1719 discordia;
1296 1670 1417 1711 vitam

304 1733 480 1774 Abstulit
499 1747 543 1776 ac
563 1736 717 1777 tribuit.
745 1738 875 1790 Scipio
894 1739 1141 1790 dulcissime,
1165 1742 1311 1793 raptim
1511 1747 1588 1785 565

303 1806 333 1844 O
354 1806 509 1846 utinam
532 1809 699 1849 Romam
721 1810 897 1850 victricia
919 1811 1030 1863 signa
1052 1812 1213 1853 tulisses

301 1879 464 1929 Captivo
484 1892 576 1919 cum
594 1893 685 1933 rege
709 1883 830 1934 prior,
856 1884 1072 1936 reginaque
1093 1890 1196 1925 retro

302 1951 513 1992 Mansisset
533 1964 615 1993 non
644 1954 729 1994 visa
749 1955 837 1995 tibi.
863 1956 966 2005 Quid
983 1957 1105 1998 surda
1124 1970 1333 2010 precamur

346 2147 407 2176 545
443 2146 587 2186 Nostros,
607 2149 766 2180 omissum
787 2150 820 2181 in
835 2152 887 2182 ed.
907 2152 994 2189 Bas„
1014 2155 1064 2183 cst
1082 2152 1114 2183 in
1135 2152 1286 2185 omuibus
1308 2164 1368 2186 ms.

346 2203 423 2234 548.
442 2203 603 2245 Disjzcnyit
624 2205 655 2236 in
674 2207 725 2237 ed.
748 2207 837 2244 Bas,
859 2207 1024 2249 ‹lisjnnyae
1043 2208 1073 2239 in
1093 2209 1243 2241 omuibus
1263 2220 1322 2242 ms.

346 2261 422 2291 551.
442 2260 567 2302 AEquos
587 2262 618 2293 iu
640 2264 680 2294 ed
698 2264 786 2302 Bas„
802 2268 928 2296 nostros
943 2266 976 2297 in
1002 2267 1153 2298 omuibus
1174 2276 1235 2298 ms,

345 2320 421 2349 554.
444 2317 541 2350 Ferat
562 2319 592 2350 in
613 2321 666 2352 ed.
684 2321 772 2360 Bas,
793 2322 885 2363 ferar
902 2324 936 2354 in
958 2333 1018 2354 ms.
1038 2325 1074 2361 Α,
1096 2325 1133 2362 Β,
1157 2325 1194 2363 Ι),
1218 2326 1256 2364 Ε,
1278 2326 1311 2357 F.

344 2377 421 2406 556.
443 2375 582 2408 Motibus
603 2377 636 2408 in
657 2379 710 2410 ed.
728 2380 818 2418 Bas..
835 2381 978 2414 moribus
994 2382 1027 2414 in
1045 2382 1198 2414 omnibus
1220 2392 1284 2415 ms.

343 2433 417 2463 563.
438 2431 537 2465 Fores
554 2433 587 2464 in
609 2436 662 2467 ed.
687 2436 776 2474 Bas..
803 2436 887 2477 foret
907 2437 941 2469 in
966 2447 1027 2470 ms.
1046 2439 1084 2478 A,
1106 2440 1141 2478 B,
1164 2439 1198 2478 C,
1224 2441 1261 2472 D.
1291 2441 1388 2474 Deest
1413 2444 1500 2474 totus
1526 2442 1580 2477 hic

296 2498 411 2522 versus
428 2489 462 2522 in
478 2500 539 2524 ms,
562 2492 600 2523 E.
