1865 2959
925 300 1112 336 -cs-

375 402 396 425 »
421 384 618 437 duxeriS,
643 383 765 442 quod
786 388 910 429 tanto
928 398 1117 429 munero
1143 384 1300 428 donor.
1326 402 1345 424 »
1374 385 1466 440 (Die
1484 399 1530 428 iv
1549 385 1650 428 Jun.

372 465 631 519 mcchxxvi)
659 463 722 509 (¹).
753 463 805 506 Et
835 466 937 521 post
964 462 1268 521 septennium,
1300 477 1426 521 spem
1458 467 1501 506 ot
1521 464 1656 507 simul

370 544 544 584 motum
563 540 762 585 credenti
796 542 1060 585 Benvcnuto
1084 540 1139 585 (le
1163 541 1303 585 Imola
1329 554 1379 585 ea
1414 541 1657 600 responde-

369 617 443 662 bat
469 635 476 662 :
505 636 526 659 «
546 618 613 662 Ab
635 632 686 663 eo
705 618 826 677 quod
851 622 924 663 tua
941 619 1197 677 auspicatur
1214 619 1402 677 epistola
1425 619 1650 677 incipiam.

370 714 391 737 »
421 696 619 741 Verebar
640 711 858 755 quorsum
874 697 1056 741 illorum
1069 696 1276 755 judicum
1296 696 1444 741 forent
1466 711 1654 741 evasura

370 792 390 814 »
417 775 618 827 consilia,
637 789 750 833 quos
766 774 979 819 videbam
993 775 1038 818 in
1055 774 1254 819 editione
1269 774 1426 819 Africa}
1444 775 1648 826 titubare,

369 871 389 892 »
420 857 463 896 et
484 853 633 897 adhuc
654 867 745 897 non
766 867 867 897 sum
891 853 1015 897 omni
1046 853 1208 897 timore
1226 866 1411 905 vacuus,
1440 853 1548 910 quin
1573 852 1651 896 du—

367 948 387 971 »
411 930 549 974 bitem
565 931 687 989 ipsos
698 931 936 989 sacrilegas
952 945 1116 975 manus
1132 931 1178 974 in
1197 944 1373 974 sacrum
1390 945 1502 988 opus
1518 930 1646 983 illud,

366 1028 386 1049 »
412 1013 460 1053 ut
481 1009 648 1067 aliquid
667 1009 951 1063 subtrahant,
972 1009 1194 1069 injecisse,
1221 1013 1264 1053 ct
1289 1009 1541 1067 corrigendi
1560 1013 1649 1052 stu-

362 1106 382 1127 »
413 1087 486 1131 dio
508 1091 812 1146 corrupturos.
844 1087 940 1131 Scio
960 1087 1083 1132 enim
1108 1091 1148 1131 te
1181 1101 1273 1131 non
1293 1087 1501 1145 ignorare
1539 1100 1647 1145 poe-

363 1182 384 1204 »
407 1168 554 1209 tarum
574 1179 710 1224 quam
737 1165 945 1210 altissimi
973 1179 1135 1210 sensus
1163 1166 1253 1210 sint
1270 1181 1281 1219 ;
1324 1170 1367 1210 et
1389 1166 1424 1209 si
1446 1166 1547 1223 quis
1567 1180 1647 1209 un-

364 1260 384 1283 »
406 1256 542 1302 quam
578 1245 808 1289 Musarum
845 1258 968 1289 sacra
998 1244 1151 1298 coluit,
1180 1244 1254 1303 qui
1277 1244 1429 1289 abdito
1449 1244 1505 1289 de
1522 1244 1647 1289 fonte

362 1339 383 1362 »
409 1324 603 1381 Pegaseo
624 1323 802 1376 biberit,
839 1323 913 1368 hic
942 1328 1097 1368 noster
1117 1323 1369 1376 Petrarclia,
1392 1338 1484 1368 nou
1508 1324 1645 1368 semi-

361 1417 382 1440 »
406 1414 608 1460 paganus
628 1402 752 1445 labra
768 1401 894 1446 fonte
907 1402 1075 1461 proluit
1094 1402 1336 1455 Caballino,
1364 1402 1444 1447 sed
1462 1402 1643 1461 Panige-

361 1496 382 1519 »
405 1493 479 1523 ros
503 1479 559 1525 de
581 1480 855 1539 peritissimo
883 1481 998 1534 lacu,
1024 1480 1245 1539 quidquid
1267 1480 1521 1525 humanum
1539 1494 1642 1539 per-

360 1574 381 1597 »
411 1557 585 1616 tingere
630 1561 779 1617 potest
818 1559 1081 1618 ingenium,
1121 1559 1287 1603 hausit.
1327 1559 1418 1604 Nec
1459 1558 1637 1612 dubito,

359 1653 380 1675 »
410 1635 533 1693 quod
551 1635 587 1680 si
614 1650 751 1694 quem
778 1640 902 1681 tanta
925 1637 1121 1682 amentia
1143 1637 1374 1691 invaserit,
1411 1641 1460 1682 ut
1480 1637 1642 1682 audeat

356 1729 378 1752 »
408 1726 543 1771 opera
573 1727 696 1759 sacra
731 1728 811 1759 sua
833 1715 1071 1761 lacerando
1095 1715 1319 1774 corrigere
1336 1732 1347 1769 ;
1380 1729 1640 1775 quanquam

357 1808 378 1831 »
402 1790 517 1835 forte
553 1792 637 1836 sibi
664 1792 869 1838 videatur
905 1794 1117 1839 corticem
1150 1794 1401 1853 laevigasse,
1434 1795 1639 1838 omnium

356 1886 377 1909 »
407 1883 650 1923 consensu,
687 1885 849 1916 sensus
883 1876 1125 1931 pervertet,
1168 1876 1212 1917 et
1247 1876 1480 1931 comptum
1517 1872 1638 1917 ordi-

355 1964 378 1988 »
398 1962 507 1992 nom
543 1962 776 1994 comarum
825 1951 1079 1996 calamistro
1140 1951 1288 1996 inuret
1306 1967 1316 2003 ;
1360 1950 1440 1995 sed
1475 1950 1639 1995 faciant

355 2043 376 2065 ³>
401 2026 621 2085 quidquid
644 2042 802 2073 eorum
823 2028 1035 2073 cordibus
1057 2029 1240 2081 sederit,
1271 2029 1365 2074 sive
1393 2030 1632 2087 integram,

355 2121 376 2144 »
407 2104 501 2149 sive
546 2105 740 2151 laceram
775 2106 969 2151 Africam
1008 2110 1254 2166 promant,
1307 2107 1429 2165 quod
1478 2107 1636 2152 facturi

355 2199 376 2222 »
398 2186 519 2236 sunt,
547 2183 634 2228 cito
657 2184 909 2238 absolvant,
935 2188 980 2230 et
996 2199 1081 2229 nos
1102 2185 1187 2230 hac
1213 2198 1292 2244 spe
1314 2188 1358 2229 et
1377 2190 1501 2229 metu
1521 2186 1634 2230 libc-

353 2277 374 2300 »
400 2265 514 2304 ront.
549 2262 687 2305 Tanta
722 2263 844 2306 onim
874 2277 948 2307 me
983 2263 1105 2307 illius
1143 2263 1244 2306 libri
1272 2266 1316 2307 et
1345 2263 1555 2307 servandi
1591 2268 1636 2308 et

353 2355 374 2378 »
398 2338 582 2383 videndi
601 2340 764 2399 cupido
787 2341 1034 2395 succendit,
1057 2341 1179 2400 quod
1200 2341 1349 2400 ipsum
1379 2342 1464 2385 nisi
1493 2356 1631 2400 quum

353 2433 375 2456 »
404 2420 530 2461 extra
562 2431 725 2464 manus
744 2419 951 2478 judicum
987 2433 1188 2473 sensero,
1219 2434 1312 2465 non
1342 2420 1512 2478 absque
1540 2419 1632 2464 for-

391 2591 440 2634 (1)
461 2591 540 2626 Cod.
562 2592 734 2634 Laurent„
751 2603 786 2635 p.
807 2596 865 2627 27.
