1865 2959
808 210 1017 246 -409—

273 300 347 340 Ore
370 297 478 339 dabit
496 297 586 337 ficto
605 310 614 346 3
632 297 826 349 juvenem
847 305 1083 346 semperque
1110 291 1296 333 secundis

272 375 491 412 Assuetum
511 381 623 410 casus
644 368 773 408 varios
795 367 937 406 librare
962 365 1142 405 monebit
1165 379 1174 414 ;

274 445 461 482 Fortunae
483 453 526 481 ac
542 441 669 481 multa
689 439 851 491 ancipiti
871 450 1055 479 sermone
1072 437 1282 477 tremenda

274 513 449 553 Proferet
474 517 722 564 eventusque
747 511 910 551 dueum.
936 512 1036 550 Cum
1052 508 1164 549 nulla
1179 507 1330 547 videbit

272 584 401 624 Verba
419 584 544 624 altum
564 583 738 623 movisse
757 582 955 630 animum,
978 586 1065 620 tum
1086 579 1211 619 tristis
1230 583 1268 618 et
1283 578 1342 618 ira

273 656 480 705 Fervidus,
500 667 610 695 arma
629 654 804 694 fremens
824 653 1071 704 bellumque,
1094 651 1135 690 in
1161 655 1288 690 castra
1308 648 1466 689 redibit.

274 730 411 779 Pugna
432 727 506 767 erit
525 726 712 777 ambiguo
734 736 853 778 quam
871 728 1051 776 spectent
1072 722 1151 762 fata
1169 721 1318 770 favore,

273 801 395 851 Cujus
415 799 464 838 ad
485 804 676 839 eventum
703 802 786 837 toto
802 797 992 836 timeatur
1010 795 1053 834 in
1077 793 1186 834 orbe.

274 870 454 910 Sanctior
474 869 538 909 his
558 869 715 922 praeerit
734 868 888 917 castris,
911 868 992 907 (lux
1012 867 1160 919 impius
1182 866 1258 905 illis
1284 878 1291 904 :

274 943 374 982 Hinc
392 942 518 982 virtus
538 941 691 993 objecta
712 940 842 990 malis,
870 939 1080 991 cultusque
1100 937 1273 977 modesti

274 1016 321 1054 Et
339 1013 482 1066 pudor,
506 1018 544 1053 et
561 1012 788 1052 benesuada
810 1011 923 1060 fides,
946 1010 1169 1062 pietasque,
1195 1020 1409 1060 comesque

272 1085 436 1125 Justitia
455 1090 493 1125 et
510 1083 672 1136 reliqufe
692 1082 907 1123 vibrabunt
923 1093 1033 1121 arma
1051 1092 1206 1120 sorores
1231 1094 1237 1119 :

275 1158 370 1197 Inde
387 1156 511 1207 furor,
534 1156 648 1196 dolus
671 1161 708 1196 et
728 1154 871 1204 rabios,
897 1159 936 1194 et
955 1153 1088 1193 nescia
1106 1153 1189 1192 veri

274 1231 449 1277 Pectora,
464 1233 796 1279 contemptusque
814 1226 899 1275 Dei,
920 1225 1158 1277 fervensque
1179 1223 1318 1272 libide,

273 1303 460 1352 Caecaque
480 1299 682 1352 perpetuis
707 1310 888 1338 crescens
910 1297 984 1337 sul)
1004 1296 1144 1336 litibus
1163 1296 1238 1345 ira,

274 1375 322 1412 Et
343 1372 537 1412 scelerum
559 1371 708 1423 species
734 1369 932 1410 horrenda
957 1381 1000 1408 ac
1020 1367 1185 1407 nomina
1206 1366 1346 1406 multa.

275 1444 409 1484 Victor
432 1443 509 1483 eris
526 1443 629 1483 bello
653 1443 831 1491 tandem,
853 1441 1016 1481 victoria
1041 1451 1114 1479 nee
1141 1444 1179 1479 te

275 1514 433 1555 Efferet.
459 1516 530 1556 Ast
548 1515 661 1554 illum
683 1513 844 1554 fortuna
865 1513 1030 1553 adversa
1051 1516 1215 1563 repente

278 1590 529 1637 Prosternet3
553 1587 679 1626 victus
697 1585 835 1637 fugiet,
859 1585 1147 1637 peregrinaque
1169 1587 1303 1635 tanget

276 1660 438 1709 Littora⁷
459 1671 536 1711 qua
556 1658 682 1699 Graiis
699 1658 834 1698 Asiam
858 1656 1088 1709 regionibus
1115 1660 1235 1695 aestus

277 1731 584 1783 Hellespontiaci
603 1730 755 1769 dirimit
775 1729 912 1778 maris3
941 1728 1073 1767 onmia
1095 1727 1261 1767 taudem

275 1803 474 1852 Tentabit‚
503 1814 722 1854 regumque
743 1802 879 1853 peiles,
902 1800 1146 1851 indignaque
1168 1796 1334 1850 supplex

277 1875 486 1927 Continget
507 1886 650 1927 genua⁷
674 1879 792 1925 atque
812 1873 940 1912 aliona
959 1871 1185 1924 precabitur
1204 1881 1329 1916 arma,

278 1947 430 1986 Italicas
461 1947 606 1986 ardens
629 1946 775 1985 iterum
796 1944 976 1983 ruiturus
996 1944 1035 1982 in
1059 1954 1148 1982 oras

279 2018 319 2057 Si
346 2017 504 2057 fortuna
531 2018 634 2056 sinat
654 2031 662 2066 3
688 2016 803 2056 nobis
823 2016 892 2055 sed
913 2015 1091 2063 amic-ior,
1115 2014 1181 2053 illa

324 2144 376 2175 60.
398 2142 551 2185 Spectant
572 2143 604 2174 in
620 2144 672 2174 ed.
695 2142 784 2179 Bas„
805 2144 946 2183 spectent
968 2141 999 2172 in
1020 2150 1080 2172 ms.
1099 2142 1139 2179 Α,
1154 2140 1189 2179 Β,
1214 2139 1250 2177 C,
1269 2139 1306 2178 D,
1330 2139 1364 2170 E.

325 2203 377 2232 63.
401 2201 456 2232 His
476 2210 532 2240 pro
555 2201 628 2232 ltine
649 2200 681 2231 in
702 2210 761 2231 ms.
781 2200 817 2237 E,
838 2201 871 2230 F.

325 2260 378 2288 65.
406 2257 480 2289 Tela
502 2267 558 2298 pro
579 2266 672 2288 arma
693 2258 725 2287 iu
748 2266 808 2287 ms.
833 2257 867 2287 E.

324 2316 377 2345 67.
401 2315 501 2346 Deum
521 2324 577 2354 pro
599 2314 657 2345 Dei
676 2313 708 2344 in
734 2323 795 2344 ms.
818 2313 851 2344 E.

324 2372 378 2402 68.
399 2369 576 2402 Subtilibus
597 2370 628 2400 in
650 2371 701 2401 ed.
720 2370 809 2407 Bas„
834 2369 1017 2400 subtilibus
1038 2369 1067 2400 iu
1090 2367 1240 2399 omuibus
1261 2376 1321 2397 nis.

325 2430 378 2459 69.
401 2427 577 2459 Horrendoe
597 2428 628 2458 in
650 2428 701 2458 ed.
724 2427 811 2464 Rus„
833 2426 994 2458 horrenda
1016 2426 1047 2457 in
1071 2435 1130 2456 ms.
1149 2426 1186 2461 A,
1209 2425 1243 2462 B,
1262 2424 1296 2461 C,
1320 2425 1355 2453 D.

325 2486 380 2516 71.
404 2484 527 2526 Efferat
549 2485 578 2515 in
598 2484 650 2515 ed.
673 2484 760 2519 Bas„
783 2483 893 2524 effere!
914 2483 944 2514 in
967 2492 1026 2513 ms.
1050 2483 1086 2519 A,
1108 2482 1144 2519 R,
1166 2481 1199 2511 E.

1498 364 1549 403 55

1500 722 1550 759 60

1503 1439 1553 1477 70

1505 1798 1556 1835 75
