1865 2959
868 259 1026 294 -ρ-

303 349 372 388 cet
393 344 607 396 imitatus,
623 357 713 387 non
738 342 874 387 modo
893 342 1140 386 sententias
1159 355 1330 394 eorum,
1354 341 1432 385 sed
1450 341 1586 386 verba

302 427 345 467 et
366 434 507 467 voces·
522 422 649 480 quasi
669 421 724 465 ab
756 421 983 466 oblivione
1006 419 1311 479 expromebat,
1332 425 1584 464 tantorum-

301 514 388 559 que
421 501 692 559 scriptorum
725 500 916 545 aemulus
949 513 999 543 ac
1029 512 1168 558 prope
1201 502 1430 558 superstes
1466 498 1585 557 apud

302 594 410 624 suos
433 579 685 624 videbatur.

362 657 631 702 Persuasum
660 657 794 716 igitur
822 656 896 701 ille
920 655 1116 700 hahebat
1131 668 1343 714 magnam
1372 654 1455 699 sibi
1485 655 1582 699 lau-

303 735 407 780 dem
426 749 480 780 ex
505 735 684 780 heroico
705 735 902 779 carmine
921 734 1077 793 lingua
1093 734 1229 778 latina
1249 747 1460 792 expresso
1483 748 1584 792 pro-

301 817 539 859 venturam
558 850 568 866 ,
615 828 750 872 quem
782 813 1079 857 nihilominus
1108 812 1239 856 nobis
1265 812 1487 856 illustrem
1516 812 1581 855 fe-

300 897 458 938 cerunt
483 893 624 937 teneri
652 891 835 950 quidam
868 891 1077 936 versiculi
1099 890 1271 949 vulgari
1301 890 1455 949 lingua
1476 903 1581 934 exa-

300 972 381 1015 rati
401 987 410 1024 ;
437 985 551 1029 quos
579 971 701 1015 enim
733 984 824 1015 non
847 969 1068 1013 dubitavit
1087 982 1248 1014 vocare
1273 968 1581 1027 «juvenilium

297 1049 503 1094 laborum
536 1063 740 1094 meorum
776 1049 946 1092 cantica
969 1048 1034 1099 (1),
1075 1066 1095 1088 υ
1128 1061 1322 1105 quorum
1349 1047 1443 1104 jam
1477 1060 1581 1090 eum

296 1127 495 1186 pudebat
516 1131 560 1172 et
582 1127 844 1186 poenitebat,
871 1127 961 1170 imo
984 1145 1004 1167 «
1028 1126 1218 1185 ineptias
1241 1138 1351 1183 quas
1371 1125 1581 1169 omnibus

298 1211 342 1252 et
359 1207 470 1250 mihi
490 1220 685 1265 quoque,
713 1207 749 1250 si
771 1206 914 1257 liceat,
938 1206 1115 1264 ignotas
1135 1205 1272 1249 velim
1289 1203 1351 1251 (⁹2).
1376 1222 1397 1245 >›
1419 1205 1576 1257 Quare,

297 1284 468 1329 viribus
499 1285 591 1329 suis
621 1284 768 1329 fidens
790 1288 834 1329 et
865 1284 992 1342 quasi
1019 1287 1295 1342 praesumpta
1316 1284 1412 1342 jam
1438 1283 1578 1327 victo-

298 1363 376 1417 ria,
401 1364 577 1422 epicum
601 1376 783 1422 poema,
810 1364 1003 1407 Maronis
1027 1363 1182 1415 instar,
1211 1375 1452 1421 aggressus
1487 1365 1575 1415 est,

296 1445 347 1486 ut
386 1445 576 1486 testatur
611 1441 723 1485 illud
756 1441 1070 1500 imperfectum
1107 1454 1287 1485 carmen
1324 1441 1393 1484 cui
1424 1440 1580 1484 titulus

296 1519 554 1564 inscribitur
578 1523 746 1575 Africa.
774 1519 984 1563 Duellum
1014 1519 1176 1577 ingens
1204 1518 1320 1563 inter
1349 1517 1578 1576 Carthagi-

296 1612 402 1643 nem
436 1601 479 1643 et
506 1599 720 1651 Romam,
758 1601 1022 1656 partamque
1060 1597 1106 1641 in
1141 1596 1280 1655 Libya
1317 1610 1340 1640 a
1376 1595 1580 1654 Scipione

295 1675 484 1735 gloriam
512 1676 718 1721 versibus
740 1675 932 1720 heroicis
955 1689 1116 1720 canere
1135 1674 1345 1727 instituit,
1371 1674 1577 1718 sibimet-

296 1754 380 1813 ipsi
407 1755 653 1798 maximam
685 1753 740 1798 ab
769 1754 946 1813 incepto
975 1753 1163 1812 gloriam
1199 1753 1441 1811 pollicitus.
1475 1752 1577 1795 Haec

293 1846 402 1878 sane
424 1833 594 1893 legerat
619 1833 666 1877 in
688 1832 871 1877 Horatio
902 1849 909 1875 :

550 1948 632 1984 Non
650 1946 824 1983 incendia
843 1945 1079 1994 Carthaginis
1099 1945 1228 1994 impiae

552 2008 639 2055 Ejus
659 2008 725 2055 qui
743 2007 886 2043 domita
905 2018 1046 2043 nomen
1067 2008 1112 2043 ab
1135 2007 1258 2043 Africa

551 2068 729 2104 Lucratus
748 2067 876 2113 rediit,
896 2067 1032 2103 clarius
1055 2067 1222 2103 indicant

551 2127 694 2163 Laudes
716 2138 831 2174 quam
848 2127 1013 2163 Calabrae
1032 2126 1197 2163 Pierides
1219 2125 1328 2173 (3)....

293 2247 512 2308 Enniique
564 2248 771 2308 exemplo
793 2285 802 2299 ,
853 2248 1135 2292 Florentinas
1180 2246 1375 2292 Pierides
1392 2282 1402 2297 ,
1441 2246 1573 2303 juve-

333 2440 381 2481 (1)
399 2439 507 2483 Epist.
529 2440 568 2473 de
590 2439 694 2475 Rebus
711 2439 945 2481 familiaribus,
967 2446 1039 2478 vin,
1062 2441 1079 2469 3
1100 2438 1167 2480 (ed.
1190 2437 1408 2476 Fracassetti).

333 2500 381 2539 (Ξ)
402 2498 504 2541 Epist⁴
525 2498 660 2536 Seniles,
685 2506 756 2538 xiii,
777 2500 831 2529 10.

333 2556 379 2596 (3)
399 2556 541 2595 Bonna,
565 2554 623 2589 Od.
647 2564 690 2597 lv,
712 2557 744 2593 8,
767 2555 809 2588 ad
828 2554 1056 2589 Censorinum.
