1865 2959
791 245 834 251 -
861 226 928 261 123
954 246 998 252 .-

260 312 504 361 Desertoque
522 307 685 357 habitu;
709 308 935 361 linguarum
957 308 1118 349 dissona
1142 309 1316 350 multum

260 383 480 429 Murmura,
501 379 647 419 diversi
662 391 810 427 mores,
835 379 919 420 haec
940 392 1114 421 crescere
1133 380 1283 421 famam
1451 385 1528 424 395

260 451 503 504 Impediunt.
526 450 632 491 Nulli
656 455 735 491 toto
754 451 982 503 cognoscier
1001 451 1096 492 orbe

260 522 444 574 Contigit.
466 524 653 562 Extrema
672 522 760 574 quis
779 523 852 563 erit
866 522 968 563 bene
982 528 1103 563 notus
1121 523 1160 563 in
1180 525 1313 574 Arcto,

259 596 308 634 Et
327 593 394 633 vili
414 593 595 645 ignotum
614 593 815 646 continget
834 593 997 634 nomine
1018 593 1168 634 fontem
1183 595 1202 634 ἵ)

258 666 384 714 Quem
403 676 474 704 sua
487 664 711 716 Taprobani
727 665 981 705 commendet
1004 665 1125 717 gloria
1148 670 1186 705 et
1205 666 1312 706 idem

258 736 384 776 Littus
403 735 452 776 ad
468 735 689 776 Hibernum
709 737 894 776 resonet?
909 737 1086 777 Mortalia
1107 748 1302 789 quorsum
1446 740 1524 778 400

258 808 357 847 Vota
372 808 524 847 ruunt?
542 807 729 859 Amplam
746 807 912 860 cupiunt
936 807 1159 848 diffundere
1179 807 1342 859 famam,

257 881 376 931 Septa
394 878 464 919 sed
480 882 587 918 arcta
607 883 758 930 vetant,
782 883 950 931 angusto
971 891 1124 920 carcere
1141 879 1296 920 clausos

253 950 415 990 Somnia
439 962 584 1002 magna
599 952 766 1003 Juvant;
790 955 828 991 at
848 962 939 991 cum
959 950 1027 991 lux
1046 951 1188 991 ultima
1209 963 1396 992 somnum

252 1021 423 1071 Excutit,
447 1033 491 1062 ac
510 1021 696 1062 tenebras
716 1022 871 1072 adimit,
898 1027 985 1062 tum
1007 1034 1167 1063 cernere
1188 1035 1326 1064 verum

252 1097 339 1135 Heu
358 1094 493 1135 miseri
514 1106 600 1134 sero
621 1094 834 1147 incipiunt,
854 1099 892 1134 et
906 1099 1086 1147 tempora
1107 1100 1212 1136 retro
1445 1098 1522 1137 405

251 1166 531 1219 Nequidquam
556 1165 754 1218 aspiciunt
779 1166 1006 1218 abeuntque
1027 1167 1173 1206 amissa
1192 1172 1411 1219 gementes,

253 1237 322 1277 Illa
339 1248 496 1289 quoque
509 1237 550 1276 in
572 1237 684 1277 vobis
710 1237 876 1277 ridenda
890 1237 1046 1277 insania
1061 1243 1216 1278 mentes

253 1310 446 1360 Occupat3
468 1313 662 1348 aeternum
684 1309 827 1361 cupitis
844 1309 1061 1361 producere
1080 1320 1252 1358 nomen3

251 1379 400 1420 Saecula
420 1379 647 1420 demulcent
666 1380 820 1419 animos
839 1392 1068 1429 numerosa,
1090 1380 1279 1433 venitque

251 1450 464 1490 posteritas
489 1449 606 1502 longa
625 1455 715 1490 ante
737 1451 885 1501 oculos,
907 1451 1005 1491 libet
1022 1451 1078 1491 ire
1100 1463 1170 1503 per
1187 1463 1255 1491 ora
1443 1455 1519 1492 410

250 1524 462 1562 Doctorum
479 1523 696 1562 exstinctos
721 1522 932 1562 hominum
954 1523 1187 1576 clausosque
1205 1524 1414 1576 sepulchro

247 1593 445 1633 Liberiore
462 1593 524 1633 via
543 1605 613 1646 per
632 1594 773 1633 mundi
794 1599 971 1634 extrema
990 1595 1138 1647 vagari.

244 1664 387 1704 Vivere
406 1669 495 1716 post
514 1669 702 1715 mortem,
724 1664 919 1705 violentas
939 1677 1127 1718 spernere
1146 1668 1297 1715 ParcaS‚

247 1737 384 1777 Dulcia
398 1741 506 1787 sunt,
529 1736 679 1787 fat,e0r;
704 1737 771 1777 sed
792 1737 956 1777 nomine
975 1738 1109 1778 vivere
1129 1738 1185 1777 nil
1207 1744 1277 1779 est.

247 1809 392 1858 Vivite‚
416 1809 484 1848 sed
511 1809 670 1858 melius⁷
695 1809 763 1848 sed
786 1809 931 1849 certius
955 1823 963 1848 :
987 1810 1110 1849 ardua
1129 1810 1215 1850 coeli
1441 1815 1518 1851 415

248 1879 433 1920 Scandite
451 1879 598 1927 felices,
620 1881 866 1933 miserasque
889 1881 1100 1933 relinquite
1120 1886 1258 1923 terras.

248 1951 319 1991 Hic
338 1963 407 1991 vos
427 1951 670 2000 vitamanet,
695 1964 813 2004 quam
838 1952 976 1993 saecula
1002 1953 1112 1993 nulla
1134 1954 1370 2004 movebunt,

247 2023 371 2071 Quam
391 2034 465 2062 nec
482 2022 607 2062 tristis
630 2022 778 2073 hiems,
802 2035 875 2063 nec
892 2024 1011 2064 noxia
1031 2029 1213 2077 torqueat
1235 2031 1346 2076 aetas,

288 2149 365 2180 397.
383 2148 489 2181 Motus
509 2149 542 2181 in
562 2151 615 2182 ed.
637 2150 726 2188 Bas..
745 2152 841 2182 notus
860 2150 892 2182 in
915 2151 1065 2183 omnibus
1081 2160 1142 2183 mS.

288 2206 362 2236 399.
387 2204 564 2238 Probalum
586 2216 644 2247 pro
669 2206 851 2249 Taprobani
871 2207 904 2238 in
931 2208 984 2238 ed.
1005 2208 1078 2239 Bas.
1103 2209 1167 2240 Vox
1187 2218 1225 2240 ea
1242 2209 1387 2249 undique
1408 2210 1515 2241 varia-

242 2264 318 2299 tur3
338 2261 461 2294 scilicet
485 2261 661 2295 Tabrobam'
689 2263 721 2294 in
748 2273 810 2294 ms.
830 2264 874 2301 A,
901 2263 1039 2306 Tepbam'
1060 2264 1092 2296 in
1123 2275 1183 2296 ms.
1214 2266 1249 2303 B,
1282 2265 1457 2307 Teprobcmi
1484 2266 1517 2297 in

242 2327 302 2349 ms.
327 2318 360 2356 C,
383 2319 419 2357 D,
443 2317 618 2360 Coprobarz·
637 2320 669 2351 in
695 2329 756 2351 ms.
782 2321 816 2358 E,
843 2319 1019 2363 Coprobam
1038 2320 1070 2353 in
1091 2331 1168 2358 ms..
1196 2322 1389 2365 Toprobravi
1408 2323 1440 2355 in
1461 2324 1514 2355 ed.

245 2375 357 2406 Venet.

287 2432 364 2462 400.
383 2430 536 2463 Hiberum
557 2431 589 2463 in
610 2432 662 2464 ed.
684 2433 773 2470 Bas„
795 2433 970 2466 Hibernum
991 2435 1024 2466 in
1047 2435 1198 2467 omnibus
1219 2445 1280 2468 ms.

288 2489 363 2520 407.
385 2487 481 2521 Nobis
500 2489 534 2521 in
554 2490 605 2521 ed.
628 2490 718 2528 Bas..
738 2490 824 2523 vobis
843 2491 875 2522 in
893 2492 1043 2524 omnibus
1060 2501 1121 2524 ms.
