1865 2959
810 254 851 260 -
881 235 948 269 139
978 254 1018 259 —-

280 321 327 358 Et
344 318 503 357 cristam
523 316 631 368 galea
656 316 733 355 alta
757 327 947 365 movensj.
968 316 1072 356 hanc
1092 317 1284 368 Gorgonis
1303 329 1369 355 ora

279 389 527 429 Cristallinus
547 387 698 426 habens
721 387 883 439 clypeus
903 388 1012 439 tegit,
1033 387 1155 438 inque
1174 387 1350 427 tenebris

280 463 557 512 prospectante
578 461 657 498 Dea
677 459 812 498 volitat
832 465 1027 499 nocturna
1047 459 1234 508 volucris,

280 531 569 583 Cecropiusque
590 542 691 569 nova
708 529 921 570 frondescit
942 543 1105 582 campus
1126 530 1241 569 oliva.

280 604 370 642 Haee
389 601 547 642 cerebro
566 606 756 652 prognata
775 603 795 641 J
801 602 885 641 ovis
905 602 1151 653 Venerisque
1169 602 1403 652 pudendum

282 673 415 712 illudit
433 684 558 724 genus
582 677 620 712 et
638 673 858 724 primordia
876 672 979 713 foeda
999 673 1159 713 sororis.

282 745 395 784 Nuda
413 745 564 792 Venus,
582 743 798 796 pelagoque
820 749 962 783 natans
983 744 1049 783 ubi
1072 745 1201 796 prima
1220 743 1391 784 refertur

282 816 425 868 Turpis
445 816 551 867 origo
570 818 674 865 Deae,
696 815 889 855 concham
909 816 1053 855 lasciva
1073 815 1232 867 gerebat

285 887 496 939 Purpureis
515 892 653 926 ornata
672 887 789 936 rosis,
809 887 1067 938 volucresque
1087 886 1291 926 columbas

284 959 449 1008 Semper
469 957 637 1006 habens,
659 957 861 1009 nudisque
881 957 1009 997 tribus
1029 958 1219 997 comitata
1240 957 1399 1008 puellis.

284 1031 458 1078 Quarum
477 1028 605 1080 prima
623 1028 783 1080 quidem
804 1028 920 1067 nobis
939 1040 1092 1077 aversa,
1121 1029 1189 1068 sed
1210 1028 1337 1068 ambae

283 1100 345 1140 Ad
369 1111 442 1139 nos
460 1111 673 1139 conversos
697 1099 831 1139 oculos
858 1099 1073 1151 vultusque
1095 1099 1302 1149 tenebant,

288 1174 444 1212 lnnexae
461 1171 623 1211 alternis
642 1184 711 1222 per
731 1171 899 1211 candida
913 1171 1077 1210 brachia
1092 1171 1210 1210 nodis
1233 1185 1241 1219 3

286 1246 363 1283 Nec
383 1255 481 1294 puer
499 1243 638 1286 alatus,
668 1254 740 1281 nec
768 1243 892 1282 acutis
914 1242 1034 1293 plena
1056 1242 1209 1294 sagittis

288 1318 379 1354 Post
397 1319 553 1366 tergum
576 1315 759 1366 pharetra
780 1315 928 1363 deerat,
950 1326 1022 1354 nec
1045 1314 1225 1353 mortifer
1244 1326 1371 1352 arcus.

288 1387 352 1427 Ille
374 1399 496 1426 unam
515 1399 562 1425 ex
583 1386 721 1425 inultis
736 1387 888 1438 jaciens
913 1387 953 1424 in
977 1386 1159 1438 Apolline
1186 1385 1306 1424 fixam

287 1459 491 1510 Liquerat3
516 1458 579 1497 hic
597 1457 737 1509 Superi
752 1457 994 1509 rumpebant
1013 1463 1118 1496 astra
1137 1457 1290 1509 fragore
1314 1471 1321 1495 :

287 1531 395 1569 Trux
413 1542 511 1581 puer
537 1529 577 1568 in
593 1529 790 1581 gremium
811 1540 909 1568 cara}
927 1528 1128 1580 genitricis
1152 1528 1299 1568 abibat.

290 1601 383 1640 lude
405 1601 536 1641 choris
555 1600 759 1652 Dryadum
783 1612 927 1639 nemus
949 1611 1069 1639 omne
1091 1600 1215 1639 Diana
1236 1599 1430 1651 replebat,

290 1674 475 1721 Oreades,
503 1673 708 1724 Faunique
730 1672 836 1711 leves
860 1672 1074 1724 Satyrique
1095 1672 1325 1724 frequentes

289 1745 535 1784 Plaudebant
555 1745 597 1783 in
616 1744 796 1793 circuitu,
819 1744 1072 1796 multumque
1097 1744 1232 1783 Dianae

289 1816 462 1856 Dilectus
484 1816 603 1856 viridi
622 1815 811 1856 stertebat
831 1816 978 1867 cespite
998 1821 1146 1868 pastor.

291 1892 415 1929 Fonte
434 1889 556 1928 miser
577 1889 701 1928 nitido
722 1889 992 1940 pulcherrima
1018 1888 1200 1928 membra
1216 1888 1416 1928 lavantem

291 1961 452 2001 Viderat
471 1963 630 2000 Actaeon
650 1975 658 2009 3
682 1961 818 2012 rapido
845 1972 939 2000 mox
959 1960 1045 2012 ipse
1067 1965 1232 2012 repente

293 2034 418 2071 Dente
435 2043 577 2072 canum
601 2032 795 2072 laceratus
811 2037 893 2072 erat
919 2046 927 2070 :
950 2031 1023 2071 sibi
1046 2043 1161 2071 cerva
1184 2031 1347 2071 cadebat

293 2106 409 2144 Sacra
424 2106 513 2144 Deae
528 2104 569 2143 in
590 2104 772 2156 Scythica
791 2116 873 2143 non
894 2104 948 2143 sic
968 2103 1170 2155 placabilis
1189 2115 1270 2143 ara.

294 2175 441 2215 Ultima
459 2175 525 2215 sed
545 2180 672 2215 mater
689 2175 847 2227 Cybele
865 2175 925 2215 cui
947 2175 1093 2228 gratior
1114 2175 1181 2215 Ida

339 2332 414 2361 207.
440 2329 636 2363 Cristallinis
656 2330 689 2361 iu
710 2331 762 2361 ed.
782 2331 870 2369 Bas,
891 2330 1091 2363 cristallinus
1113 2331 1145 2362 in
1167 2331 1316 2362 omnibus
1338 2340 1396 2362 rus.

340 2388 417 2417 223.
436 2386 603 2426 Quondam
625 2387 656 2417 in
678 2388 730 2418 ed.
748 2388 834 2424 Bas..
856 2387 1011 2418 concham
1035 2388 1066 2418 iu
1086 2387 1240 2418 omuibus
1259 2397 1319 2420 ms.

341 2445 416 2474 225.
440 2442 614 2483 Sequentes
634 2453 690 2483 pro
707 2444 888 2484 frequentes
908 2444 940 2475 iu
961 2454 1021 2475 ms.
1045 2446 1082 2481 B,
1104 2445 1140 2482 C,
1161 2446 1198 2476 D.

341 2502 416 2532 ⁶231.
439 2499 487 2533 Su
508 2500 537 2531 in
561 2501 611 2531 ed.
633 2501 720 2538 Bas,
742 2502 786 2532 ,sic
801 2501 830 2532 iii
852 2501 1003 2532 omnibus
1023 2494 1082 2533 ms.

1480 603 1557 641 0210

1492 2034 1569 2071 ⁰230
