1865 2959
798 225 1007 259 -103-

262 310 402 350 Biffida
422 309 610 361 primaevo
631 313 872 348 connectens
893 309 1042 349 moenia
1061 314 1195 360 ponte.

262 384 386 421 Frons
405 380 532 433 quinti
552 379 653 419 mihi
675 384 770 419 nota
789 392 946 431 parum,
970 380 1039 419 sed
1055 380 1234 432 suspicor
1254 380 1366 420 illuni
1464 383 1541 420 5⁶25

261 454 385 501 Quem
402 451 516 491 nobis
533 463 667 502 regem
688 451 804 502 longe
824 451 933 491 dedit
952 451 1029 491 alta
1048 451 1274 491 Corinthos.

260 524 327 563 Ille
348 528 407 563 est
426 523 534 563 haud
553 522 672 562 dubie
690 537 698 572 3
728 522 841 562 video
858 523 1093 574 tunicasque
1109 527 1299 574 togasque

260 598 308 635 Et
321 594 447 634 fasces
467 594 705 646 trahensque
720 605 860 645 graves
880 593 1078 646 sellasque
1099 593 1271 643 curules,

259 669 389 718 Atque
408 666 515 706 leves
535 666 719 718 phaleras
738 670 777 705 et
796 670 938 706 cuncta
956 665 1131 718 insignia
1150 665 1279 705 nostri

260 737 434 789 Imperii,
456 749 675 788 currusque
701 742 738 777 et
758 749 896 789 equos,
920 748 1168 789 pompasque
1193 737 1402 788 triumphi.
1461 739 1538 776 530

258 809 374 848 llluni
393 814 527 849 autem
550 821 720 849 numero
742 820 861 861 quem
886 809 1015 848 cernis
1035 809 1077 847 in
1098 808 1238 848 ordine
1258 813 1418 849 sextum

257 880 420 920 Servilis
442 880 538 920 solio
558 891 693 932 regem
712 880 937 919 transmisit
963 879 1089 932 origo,

257 955 305 992 Et
323 963 471 992 nomen
493 952 634 991 servile
648 956 800 1001 manet,
822 951 892 991 sed
909 951 1015 1003 regia
1037 963 1153 991 mens
1175 956 1250 991 est.

256 1024 435 1063 Dedecus
454 1023 520 1063 hic
540 1022 697 1074 generis
730 1023 876 1075 pietate
904 1022 1026 1073 piavit
1052 1027 1090 1062 et
1114 1022 1235 1071 actis3

255 1095 441 1135 Condidit
461 1099 500 1134 et
519 1106 685 1134 censum
706 1094 826 1145 prior,
851 1098 894 1133 ut
920 1106 961 1133 se
979 1105 1143 1134 noscere
1164 1099 1296 1145 posset
1458 1096 1535 1134 535

254 1169 380 1208 Roma
399 1171 556 1218 potens,
578 1166 784 1218 altumque
804 1166 907 1205 nihil
927 1166 1002 1205 sibi
1025 1171 1118 1205 nota
1139 1166 1316 1205 timeret.
1333 1180 1350 1203 »

255 1238 451 1287 Finierat;
472 1243 568 1278 tunc
589 1237 654 1277 ille
677 1238 793 1277 iterat
823 1251 831 1277 :
860 1252 877 1274 «
893 1238 934 1279 Si
947 1237 1047 1278 lecta
1066 1238 1266 1288 recordor,

255 1309 447 1350 Romuleo
468 1309 641 1349 cinxisse
662 1321 796 1349 comas
817 1309 1042 1349 diademate
1063 1314 1218 1361 septem

254 1381 485 1431 Audieram,
511 1381 680 1421 totidem
702 1381 941 1433 cognomina
955 1386 1061 1421 certa
1078 1380 1291 1429 tenebam3

254 1452 366 1493 Alter
386 1452 451 1492 uhi
477 1457 537 1492 est
556 1452 676 1504 igitur
689 1453 708 1492 ἱ)
726 1476 778 1481 —-
794 1452 868 1492 Fili
894 1452 1116 1502 carissime,
1136 1452 1252 1501 dixit,
1456 1454 1534 1492 540

253 1526 340 1564 Huc
360 1529 398 1564 et
420 1524 539 1564 luxus
559 1524 667 1564 iners
688 1529 726 1564 et
752 1525 852 1564 dura
871 1524 1057 1577 superbia
1082 1536 1294 1577 nunquam

253 1596 509 1645 Ascendunt,
533 1595 646 1635 illum
669 1608 740 1635 sua
758 1596 933 1648 pessima
954 1596 1123 1636 crimina
1146 1598 1305 1636 Averno

253 1668 476 1707 Merserunt
496 1681 505 1716 3
528 1672 720 1719 atroxque
745 1667 920 1717 animus,
941 1679 1170 1719 nomenque
1188 1667 1421 1720 superbum.

253 1740 368 1779 Hunc
388 1739 568 1791 exposcis
584 1739 692 1779 enini
717 1739 785 1791 qui
807 1744 961 1791 sceptra
986 1739 1207 1779 novissima
1224 1740 1355 1779 rexit?

252 1813 333 1852 Rex
354 1810 463 1851 ferus
490 1815 527 1851 et
552 1810 709 1852 feritate
735 1811 881 1861 honus,
905 1822 1000 1851 nain
1019 1811 1148 1851 tristia
1170 1823 1297 1863 passae
1453 1814 1530 1851 545

297 1992 371 2022 524.
393 1991 445 2022 Sic
461 1990 582 2032 legitur
602 1990 654 2021 hic
674 2000 788 2022 versus
808 1990 839 2021 in
861 2000 920 2021 ms.
945 1992 982 2029 A,
1004 1992 1040 2029 B,
1062 1993 1095 2028 C,
1113 1992 1152 2029 D,
1176 1993 1210 2022 F.
1231 1991 1265 2022 In
1285 2000 1345 2023 ms.
1374 1992 1396 2021 E
1417 1990 1529 2022 addita

252 2058 308 2088 pro
329 2047 449 2089 bifflcla,
472 2047 503 2078 in
525 2048 577 2078 ed.
601 2048 675 2078 Bas.
695 2050 847 2088 sectoque
867 2057 924 2087 pro
942 2047 1063 2089 bisfida.

297 2106 372 2134 5⁹26.
393 2103 565 2137 Corinthos
584 2103 616 2134 in
633 2113 692 2134 ms.
711 2105 734 2134 A
756 2107 787 2135 et
808 2105 844 2141 F,
867 2103 1043 2137 Corinthus
1064 2104 1094 2134 in
1112 2104 1202 2135 aliis.

297 2163 375 2193 528.
393 2160 494 2193 Faces
514 2161 545 2191 in
563 2161 614 2191 ed.
637 2161 724 2197 Bas„
747 2160 850 2200 fasces
870 2161 902 2192 in
928 2170 990 2192 ms.
1014 2162 1052 2199 A,
1073 2161 1108 2199 B,
1129 2161 1165 2200 C,
1183 2162 1220 2199 D,
1244 2161 1277 2191 E.
1298 2159 1402 2193 Sellas
1423 2160 1454 2191 in
1473 2160 1526 2191 ed.

251 2218 340 2255 Bas„
357 2217 515 2258 sellasque
534 2217 567 2248 in
587 2216 740 2248 omnibus
760 2227 820 2248 ms.

297 2276 371 2306 531.
398 2274 475 2306 Toto
490 2283 545 2314 pro
565 2283 701 2306 numero
722 2274 754 2305 in
770 2284 832 2306 ms.
855 2275 888 2306 E.

295 2334 357 2363 535
377 2330 513 2365 Sensum
533 2331 567 2362 in
588 2332 639 2362 ed.
656 2332 746 2368 Bas..
767 2340 898 2364 censum
920 2333 950 2362 in
971 2331 1123 2363 omnibus
1144 2341 1205 2362 ms.

295 2390 370 2420 542.
393 2388 434 2419 Ea
456 2389 574 2420 verba:
596 2388 692 2420 Illum
710 2397 768 2420 sua
783 2389 927 2430 pessima
947 2389 1087 2421 crimina
1101 2388 1225 2420 Averno
1242 2387 1436 2425 inerserunt,
1455 2396 1528 2426 quae

249 2446 368 2476 desunt
395 2445 428 2476 in
451 2444 504 2476 ed.
526 2445 615 2482 Bas„
645 2444 678 2476 in
708 2445 860 2478 omnibus
880 2455 941 2478 ms.
971 2446 1138 2487 leguntur.
1164 2444 1270 2479 Atrox
1302 2444 1334 2476 in
1363 2445 1414 2476 ed.
1438 2445 1529 2482 Bas..

248 2503 407 2545 atroxque
429 2501 461 2532 in
485 2510 546 2533 ms.
563 2501 600 2540 A,
622 2501 660 2540 Ε,
681 2501 715 2533 F.
