1865 2959
807 257 1017 292 -313-

275 346 365 383 Jam
386 341 480 382 satis
503 340 744 380 immensam
769 344 918 380 terrore
936 340 1172 392 impleverat
1195 340 1349 380 urbem.

278 414 371 454 [nde
391 412 536 452 fretum
558 411 694 461 remis,
722 411 866 451 coeluin
885 411 1070 463 clangore
1096 411 1282 451 tubarum

276 487 447 533 Intonat,
470 487 508 522 et
528 482 651 534 signis
671 487 861 522 resonant
883 482 1171 535 crepitantibus
1191 495 1296 522 amai
1313 494 1324 534 3

273 555 577 606 Digrediturque
600 553 752 593 minax.
776 553 891 594 Illum
918 553 1164 606 stupefactus
1183 559 1346 595 euntem
1471 557 1549 594 405

276 625 456 667 Mercurii
482 625 592 665 collis
613 626 820 678 montique
839 626 1055 678 inscriptus
1072 625 1211 678 Apollo

277 697 539 750 Prospieiunt‚
562 697 778 750 plebesque
798 702 916 738 tuens
939 697 1136 737 horrescit
1161 697 1208 737 ab
1235 697 1313 737 alto
1332 712 1341 746 3

275 769 543 821 Attonitaeque
563 773 728 821 gemunt
754 773 918 818 matres,
940 780 983 808 ac
1001 769 1127 809 multa
1150 774 1363 822 precantur

275 840 417 880 Anxia.
437 840 498 880 Sic
519 840 689 880 volucris
707 844 930 880 tentantem
950 840 1146 892 prendere
1166 841 1283 880 nidos

274 914 478 952 Pastorem
498 912 694 964 aspiciens
713 912 877 964 trepidis
898 924 939 952 se
959 911 1141 952 verberat
1162 912 1249 961 alis,
1470 915 1546 952 410
1570 947 1575 956 ,

273 983 393 1024 Multa
415 994 602 1035 querens,
625 988 845 1034 truncoque
865 994 1015 1034 pavens
1037 983 1295 1035 suspenditur
1311 983 1404 1024 alto.

270 1057 439 1107 Jamque
465 1054 619 1094 Uticam
642 1053 861 1106 appulerat,
878 1054 1109 1106 junctisque
1130 1054 1173 1093 in
1192 1054 1324 1095 littore
1344 1055 1507 1095 tandem

272 1125 507 1178 Agminibus
534 1125 650 1165 sociis
670 1136 749 1164 uno
771 1137 848 1177 quo
871 1129 1051 1177 tempore
1071 1124 1220 1165 circum

275 1201 445 1238 Duxerat
464 1197 664 1246 Octavius,
680 1197 846 1237 Tunetis
866 1196 1016 1237 moenia
1034 1208 1174 1237 versus

271 1269 403 1322 Carpit
421 1269 509 1319 iter,
534 1269 780 1322 classemque
801 1281 895 1309 cavo
922 1268 994 1308 sub
1019 1274 1155 1309 monte
1179 1269 1373 1309 recondit.
1467 1272 1544 1310 415

272 1344 358 1382 Non
377 1341 513 1394 procul
530 1341 625 1381 inde
647 1341 826 1390 aberant,
854 1340 1010 1381 subitus
1034 1353 1127 1381 cum
1146 1341 1315 1381 nuntius
1333 1340 1491 1382 hostem

270 1413 495 1453 Adventare
525 1411 659 1453 refert.
682 1412 872 1465 Syphacis
892 1412 996 1452 filius
1018 1412 1121 1452 ultro

270 1484 459 1525 Vermina
476 1483 684 1537 praeteritae
706 1483 823 1524 sortis
843 1495 1037 1536 casusque
1059 1483 1215 1536 paterni

271 1556 578 1608 intempestivus
603 1556 765 1605 vindex,
790 1568 1004 1608 serumque
1023 1555 1167 1595 coactis

268 1627 452 1678 Auxiliis,
474 1627 609 1667 aderat
629 1627 798 1667 minime
818 1627 1085 1680 spernendus,
1108 1627 1151 1666 in
1172 1626 1238 1666 illo
1469 1629 1546 1666 420

266 1699 449 1739 Venisset
473 1699 505 1739 si
528 1698 629 1739 forte
650 1699 729 1747 die,
755 1710 1000 1751 magnasque
1022 1698 1205 1739 trahebat

266 1773 378 1811 Nunc
400 1771 579 1823 equitum
606 1771 867 1823 peditumque
889 1769 999 1810 ferox
1019 1771 1061 1809 in
1086 1770 1191 1810 bella
1212 1775 1394 1810 catervas

268 1842 431 1883 Nescius
451 1842 687 1882 Hannibalis
706 1842 813 1882 victi.
836 1844 925 1883 Non
944 1853 1054 1882 arma
1079 1847 1290 1894 capessant

270 1914 398 1966 Scipio
421 1914 616 1954 militibus
640 1914 841 1955 vallumve
864 1919 932 1954 aut
955 1918 1082 1954 castra
1101 1913 1296 1954 revellant

272 1987 457 2037 Imperat,
479 1990 546 2026 aut
564 1986 668 2026 acies
688 1990 891 2036 moveant,
914 1990 982 2026 aut
1003 1986 1115 2038 signa
1132 1990 1364 2038 sequantur.
1469 1987 1545 2025 425

316 2137 391 2167 407.
415 2135 568 2177 Plebsque
589 2136 657 2178 ipsa
672 2136 705 2167 in
723 2136 776 2168 ed.
796 2136 884 2174 Bas..
902 2135 1071 2178 plebesque
1090 2136 1123 2167 in
1144 2145 1204 2167 ms.
1225 2137 1260 2166 Α.

314 2195 390 2224 409.
416 2193 591 2225 Tentarunl
611 2194 643 2224 in
661 2194 712 2225 ed.
732 2194 820 2231 Bas.‚
842 2195 1022 2225 tentantem
1039 2193 1071 2224 in
1089 2193 1243 2225 omnibus
1260 2202 1322 2225 ms.

313 2250 388 2281 415.
411 2248 539 2282 Clavem
558 2250 590 2281 in
611 2251 661 2282 ed.
685 2251 772 2288 Bas„
794 2250 928 2282 classem
949 2250 980 2281 in
999 2260 1059 2282 ms.
1080 2251 1117 2288 Α,
1139 2251 1174 2287 Ε,
1197 2252 1232 2281 F.

316 2308 391 2338 418.
411 2307 485 2338 Haec
502 2306 534 2338 in
556 2316 616 2338 ms.
639 2308 664 2338 A
682 2307 802 2348 legitur
822 2308 952 2347 postilla
972 2318 978 2338 :
1000 2306 1308 2348 A‹1‹1idiproeteritoe
1328 2311 1459 2347 propter
1480 2317 1546 2338 ver-

267 2374 349 2396 sum.
372 2364 406 2394 ln
425 2373 485 2394 ms.
505 2363 541 2402 B,
557 2364 592 2402 D,
609 2373 747 2405 uanique
760 2373 825 2396 suoe
840 2373 896 2404 pro
908 2364 1092 2406 proeteritae.
1119 2363 1153 2394 In
1173 2372 1234 2394 ms.
1251 2363 1272 2393 C
1290 2365 1340 2394 est
1357 2364 1488 2400 lacuna,
1511 2366 1547 2394 ut

268 2419 301 2452 in
323 2421 375 2453 ed.
400 2421 471 2451 Bas.

313 2479 388 2508 424.
416 2477 540 2511 Vallum
561 2480 630 2509 lum
650 2480 755 2509 castra
770 2477 913 2510 revelant
930 2478 960 2509 in
980 2478 1033 2509 ed.
1054 2477 1140 2515 Bas„
1168 2476 1327 2509 vallumve
1356 2479 1412 2508 aut
1440 2481 1546 2509 castra

269 2534 428 2567 revellunt
443 2533 476 2566 in
498 2534 648 2565 omnibus
666 2543 727 2566 ms.
