1865 2959
813 260 1023 294 *195—

280 342 384 382 Tum
403 341 579 394 gladium
601 342 764 392 dextrae,
786 342 969 394 clypeum
995 341 1104 380 dedit
1129 341 1193 380 illa
1214 340 1399 390 sinistrae,

280 413 557 465 Increpuitque
573 413 725 461 tubam,
740 413 1021 465 trepidumque
1037 418 1154 464 atque
1172 424 1281 452 arma
1297 418 1509 464 paventem
1532 417 1608 454 360

280 484 439 536 Impulit
463 484 690 536 ambiguam
711 485 753 523 in
773 489 960 532 mortem,
984 489 1195 536 tecumque
1218 484 1344 535 coegit

280 556 469 596 Adversis
490 561 636 596 certare
656 556 762 596 Deis.
784 556 950 604 Quando
972 555 1129 607 agmina
1155 555 1306 606 campis

280 627 530 667 Contulimus
556 628 819 679 stetimusque
846 627 941 673 acie,
970 626 1045 666 fuit
1069 626 1199 666 exitus
1224 626 1290 666 ille

279 698 457 747 Erroris,
482 698 582 738 milii
601 699 729 747 crede,
759 699 839 738 mei
861 699 1054 751 placuisse
1073 697 1262 750 profanos

279 771 498 822 Amplexus
518 770 676 811 fuerant
695 771 762 824 huj
772 783 816 811 us
838 771 1055 823 primordia
1073 782 1186 811 casus
1480 773 1556 810 365

278 842 549 894 Conjngioque
570 842 733 883 haesisse
754 842 848 883 fero.
873 843 977 883 Proh
996 844 1004 882 l
1028 843 1149 895 regia,
1170 854 1262 882 vere

279 914 398 965 Regia
416 918 454 953 et
475 914 701 954 innumeris
720 920 896 967 nuptura
917 915 1002 954 sine
1021 914 1159 954 ordine
1179 915 1326 965 con-iux

279 984 466 1036 Regibus,
489 985 656 1025 hostiles
677 986 830 1026 utinam
854 987 1044 1026 translata
1066 989 1235 1026 Penates

279 1058 372 1108 Igne
393 1068 544 1096 cremes
566 1057 684 1096 simili
705 1058 798 1108 (nisi
816 1071 880 1098 me
900 1059 1088 1111 praesagia
1108 1058 1253 1098 fallunt

278 1130 327 1167 Et
340 1127 497 1179 facies);
521 1141 678 1169 mecum
701 1129 776 1169 hoc
788 1131 919 1170 veniet
938 1130 1116 1170 solamen
1129 1130 1177 1170 ad
1199 1129 1376 1169 umbras.
1400 1146 1416 1166 υ
1481 1133 1555 1170 370

279 1199 385 1239 Dixit
406 1204 442 1240 et
463 1200 642 1251 obticuit,
659 1202 829 1253 graviter
841 1202 1025 1242 turbatus
1045 1206 1083 1241 et
1101 1201 1181 1241 imo

278 1271 445 1311 Lumina
468 1278 608 1312 moesta
635 1273 716 1312 solo
739 1272 915 1313 referens
939 1287 946 1312 :
964 1275 1050 1325 jam
1065 1277 1244 1312 senserat
1266 1273 1345 1312 iras

281 1344 426 1395 Scipio,
450 1356 624 1396 namque
644 1345 779 1385 oculos
795 1351 830 1385 et
848 1346 1032 1397 stigmata
1050 1345 1152 1385 clara
1171 1344 1372 1398 loquentis

281 1418 323 1455 In
342 1416 456 1456 vultu
477 1416 649 1456 nimium
668 1416 809 1457 offensi
831 1422 1025 1469 spectarat
1051 1417 1212 1456 amoris.

280 1487 381 1527 Hinc
398 1488 524 1540 magis
543 1493 661 1540 atque
686 1488 810 1541 magis
826 1489 903 1528 cari
928 1488 1056 1528 scelus
1075 1488 1212 1528 horret
1228 1487 1342 1528 amici
1361 1502 1368 1527 :
1481 1491 1557 1528 3755

279 1561 419 1599 Jnstus
445 1571 558 1600 amor
581 1560 678 1612 regi,
700 1560 892 1612 quoniam
914 1560 946 1599 si
972 1560 1092 1612 digna
1112 1560 1282 1612 querelae

282 1630 525 1682 Massinissa,
548 1631 621 1671 tibi
642 1631 786 1681 fuerat,
805 1643 887 1671 non
904 1633 1012 1683 Justa
1034 1631 1184 1683 rapiuae

279 1704 407 1743 Causa
424 1702 547 1751 furor,
569 1703 821 1755 stimulisque
841 1715 986 1755 repens
1004 1703 1178 1756 impulsa
1195 1704 1317 1744 libido

280 1776 496 1828 Turpibus.
518 1778 609 1816 Haec
629 1776 735 1816 inter
755 1788 887 1828 regem
914 1776 987 1816 sub
1009 1776 1179 1816 claustra
1200 1778 1437 1817 recondunt.

280 1850 401 1888 Fama
418 1860 558 1888 recens
576 1848 696 1888 Latiis
722 1848 873 1888 sensim
893 1847 1140 1889 crebrescere
1164 1850 1302 1889 castris
1479 1853 1555 1889 380

281 1921 407 1973 Coepit
431 1921 571 1961 adesse
593 1921 729 1970 duces,
756 1920 1010 1973 victriciaque
1029 1922 1190 1973 agmina
1204 1922 1308 1974 regis

279 1994 335 2031 Ac
356 1991 481 2032 Lelii:
507 1992 660 2044 placido
684 1993 892 2033 venientes
918 1993 1082 2045 suscipit
1103 2005 1168 2033 ore

326 2191 400 2222 365.
420 2189 559 2222 Fueram
576 2191 610 2222 in
628 2192 681 2222 ed.
704 2191 794 2229 Bas„
814 2191 944 2231 fuerant
959 2191 991 2223 in
1012 2193 1164 2224 omnibus
1178 2203 1239 2224 ms.

326 2249 400 2278 368.
421 2247 513 2280 Nunc
529 2257 616 2280 nunc
635 2247 667 2279 in
689 2249 741 2280 ed.
762 2249 850 2287 Bas„
870 2249 998 2281 utinum
1016 2249 1050 2280 in
1075 2259 1135 2280 ms.
1165 2251 1187 2281 A
1216 2251 1252 2287 B,
1277 2251 1308 2287 C,
1330 2252 1367 2288 D,
1390 2252 1423 2289 F,
1445 2255 1551 2283 aulem

281 2305 310 2336 iu
336 2314 397 2336 ms.
420 2305 453 2335 E.

324 2361 398 2392 370.
426 2361 534 2394 Venies
560 2362 590 2392 in
607 2363 658 2392 ed.
683 2363 771 2399 Bas..
795 2364 898 2394 rettiel
915 2363 945 2394 in
965 2363 1117 2394 omuibus
1138 2373 1198 2395 ms.

327 2420 402 2449 376.
426 2418 518 2459 Reqis
544 2419 572 2449 in
595 2419 646 2450 cd.
671 2420 758 2457 Bas..
779 2421 848 2461 reqi
870 2421 900 2450 in
922 2421 1072 2451 omnibus
1091 2430 1153 2451 ms.

327 2477 401 2507 380.
425 2475 511 2507 Latis
531 2476 562 2506 in
583 2477 634 2507 ed.
658 2477 728 2507 Bas.
749 2477 827 2508 etin
846 2477 996 2508 omnibus
1013 2487 1096 2515 ms.·,
1119 2481 1152 2509 at
1172 2478 1202 2509 in
1224 2487 1285 2509 ms.
1310 2480 1331 2509 Α
1351 2478 1450 2510 Latiis
1470 2479 1550 2519 legi-

282 2533 381 2563 turin
403 2532 472 2572 ipso
490 2542 599 2570 versu,
621 2536 653 2564 et
670 2533 744 2564 latis
763 2536 887 2565 tautum
910 2533 939 2564 in
964 2534 1122 2575 margine.
