1865 2959
912 207 1028 242 -64
1059 227 1097 233 ..

368 311 389 334 »
420 293 517 337 nuit
551 292 674 339 (l)....
706 310 728 332 »
759 292 837 336 Cui
873 292 1007 336 etiam
1043 289 1284 348 aliquando
1321 290 1470 335 animo
1511 291 1647 336 subiit

368 371 607 416 consilium
629 370 889 429 vulgaribus
917 369 1078 414 studiis
1108 372 1252 413 totum
1283 373 1461 428 tempus
1491 369 1644 422 dandi,

367 449 487 508 quod
526 450 710 493 Latinus
746 449 876 493 stilus
917 467 938 488 «
983 462 1036 493 co
1076 461 1219 505 usque
1265 448 1420 506 priscis
1457 448 1649 506 ingeniis

370 547 390 569 »
422 529 568 573 cultus
602 531 747 580 esset,
778 531 827 571 ut
854 541 968 586 pene
992 527 1086 585 jam
1120 525 1234 568 nihil
1265 529 1418 570 nostra
1446 539 1544 584 ope,
1576 526 1649 570 vcl

372 625 392 647 »
423 605 664 665 cujuslibet
689 604 794 649 addi
815 608 967 664 posset
996 603 1059 651 (⁹2).
1084 622 1104 644 »
1130 604 1356 648 Posterius
1380 604 1650 662 querebatur

371 685 454 728 sibi
492 684 716 729 immerito
750 683 972 742 poeticam
1005 683 1209 733 laurum,
1243 684 1399 736 Afrc'coe
1428 682 1649 726 inchoata:

372 776 566 814 munus,
605 761 846 819 contigisse
873 761 1047 818 sibique
1078 778 1098 800 «
1136 760 1199 803 nil
1226 759 1442 812 scientim,
1468 759 1531 802 nil
1563 759 1649 803 elo-

372 841 583 898 quentia),
610 838 792 883 invidiae
817 842 970 883 autem
996 838 1226 881 infinitum
1251 855 1271 877 »
1297 836 1501 881 attulisse
1521 836 1586 885 (3).

431 917 657 962 Laudibus
678 920 899 969 attamen,
925 915 1141 974 quamdiu
1160 915 1270 960 vixit
1297 919 1465 967 noster,
1491 928 1648 959 cumu-

370 997 511 1040 latum
538 998 606 1039 est
635 995 737 1054 plus
769 1010 897 1053 aequo
925 993 1207 1038 calidioribus
1234 993 1345 1037 illud
1370 1007 1552 1052 poema,
1582 992 1649 1036 di-

370 1075 562 1132 ligenter
595 1073 762 1118 scilicet
789 1073 834 1116 in
862 1086 961 1117 arca
988 1076 1216 1116 scrvatum
1232 1088 1241 1124 ;
1278 1070 1389 1115 illud
1417 1075 1460 1115 ct
1487 1071 1649 1115 divinae

371 1151 543 1197 AEneidi
564 1151 685 1195 haud
705 1151 848 1210 impar
867 1151 962 1195 sore
984 1165 1035 1195 eo
1055 1150 1328 1209 pervicacius
1350 1163 1509 1193 ornnes
1532 1149 1645 1207 judi-

372 1229 558 1282 cabant,
588 1228 709 1287 quod
736 1229 934 1273 AEneidis
964 1242 1144 1287 quoque
1177 1228 1253 1272 diu
1285 1241 1309 1271 a
1339 1229 1518 1271 Mai-one
1546 1226 1648 1270 abs-

372 1307 564 1352 conditae
586 1307 814 1353 fortunam
842 1307 1174 1352 meminissent.

417 1470 464 1514 (1)
483 1471 584 1504 Senil.
610 1479 646 1509 ιι,
668 1472 700 1502 1.

418 1529 466 1570 (Ξ)
484 1528 587 1561 Senil.
610 1536 641 1567 ν,
665 1529 697 1559 3.

416 1585 462 1626 (3)
482 1584 584 1619 Sem'l.
606 1593 673 1623 xvi,
696 1588 726 1615 ι).
