1865 2959
336 346 353 368 «
371 331 452 370 Hac
468 327 532 367 via
548 322 742 378 praeclari,
765 320 898 367 miles,
916 321 1027 370 patet
1041 315 1165 355 ardua
1183 310 1266 352 leti.
1517 307 1596 347 285

328 405 342 442 Ι
362 402 461 442 duce
478 410 557 448 me,
580 406 704 449 quem
723 403 826 444 saepe
852 390 949 431 alias
970 389 1120 439 majore
1134 383 1309 438 profecto
1334 393 1376 422 es

329 476 518 521 Fortuna,
542 477 750 519 nunquam
774 464 879 504 fama
898 459 1078 508 meliore,
1101 460 1275 497 secutus.

327 547 415 586 Non
430 543 531 583 acies
555 539 663 587 ferri,
689 537 809 577 facies
827 545 910 574 non
931 530 1047 572 obvia
1069 527 1211 568 mortis

328 618 510 662 Terreat3
533 611 673 662 exiguo
698 609 819 648 decus
837 605 979 656 ingens
1002 599 1196 652 sanguine
1219 599 1371 638 Mavors

330 685 488 738 Objieit,
511 688 549 724 et
569 692 679 722 caros
704 679 877 719 illustrat
897 675 1002 716 caede
1024 675 1204 724 nepotes.
1525 666 1603 703 290

331 760 455 798 Nosce
475 766 617 807 genus,
643 750 892 804 patriamque
911 746 1040 786 libens
1061 741 1296 794 amplectere
1316 741 1479 778 sortem.

336 832 526 881 [gnavum
544 825 769 875 fortemque
787 819 904 868 mori,
926 829 978 857 ne
1001 821 1164 867 tangere
1182 813 1329 852 damno

332 902 491 941 Naturae
506 897 570 938 lex
592 894 813 947 unaJ‘ubet,
834 892 955 931 breve
975 894 1135 939 tempus
1156 884 1330 936 utrique.

334 974 422 1011 Jam
448 970 540 1010 licet
562 973 600 1009 et
618 972 733 1008 terrae
755 963 962 1017 pelagique
981 957 1156 1013 pericula
1173 958 1330 996 cessent
1348 967 1358 1002 3

335 1043 446 1083 Ultro
461 1040 586 1082 aderit
607 1041 789 1090 suspecta
813 1035 913 1075 dies.
935 1034 1018 1072 Hoc
1031 1029 1200 1070 fortibus
1221 1037 1348 1067 unum
1532 1021 1610 1060 ⁶295

339 1114 513 1166 Contigit
533 1117 578 1152 ut
602 1110 681 1150 heti
704 1109 981 1153 morerentur3
1004 1106 1145 1142 caetera
1168 1098 1301 1138 flendo

337 1185 472 1225 Turba
492 1183 608 1236 perit,
636 1181 910 1232 lacrymasque
930 1180 1041 1215 metu
1066 1169 1254 1212 diffundit
1276 1168 1428 1207 inertes
1451 1177 1460 1203 :

339 1259 445 1297 Hora
465 1255 598 1295 brevis
621 1243 750 1304 longae
774 1248 888 1289 testis
908 1245 1017 1286 venit
1035 1243 1178 1284 ultima
1198 1240 1305 1280 vitae.

340 1331 442 1380 Ergo
461 1339 530 1379 age
553 1340 561 1365 :
585 1325 616 1365 si
634 1323 744 1365 Latio
766 1321 979 1374 quisquam
1001 1317 1048 1356 de
1070 1313 1265 1365 sanguine
1282 1313 1405 1350 restat

341 1402 466 1440 Morte
490 1397 622 1451 palam
640 1394 757 1435 facito
775 1405 786 1445 3
808 1403 902 1432 nam
930 1390 1025 1429 (lum
1046 1386 1210 1426 fortuna
1229 1381 1384 1422 sinebat
1541 1377 1618 1415 300

342 1471 537 1518 Vicimus,
560 1472 599 1508 et
618 1465 766 1506 nostris
784 1462 945 1504 exibant
973 1459 1115 1499 funera
1135 1455 1300 1496 dextris.

345 1546 394 1583 At
420 1542 538 1582 modo
564 1537 792 1591 corporibus
810 1534 972 1584 (cedunt
991 1530 1150 1583 quando
1171 1526 1306 1568 onmia
1325 1524 1447 1572 retro)

346 1615 405 1656 Sit
431 1613 526 1654 satis
544 1609 791 1652 obstruxisse
811 1607 934 1646 viam.
961 1606 1034 1643 Per
1054 1606 1216 1654 pectora
1239 1601 1392 1644 nostra,

349 1689 498 1738 Perque
523 1690 655 1724 truces
674 1680 808 1722 oculos
828 1678 1042 1728 vultusque
1062 1675 1103 1713 in
1125 1676 1253 1712 morte
1280 1665 1511 1708 tremendos

348 1756 652 1797 Transcendant
677 1767 686 1792 z
708 1752 829 1792 talem
848 1750 945 1789 libet
959 1748 1024 1786 liis
1045 1754 1244 1798 opponere
1265 1743 1460 1780 montem.
1547 1736 1624 1773 305

352 1830 419 1869 His
439 1827 621 1869 claustris
642 1824 789 1865 vallare
808 1822 939 1862 aditus
956 1834 965 1868 3
989 1818 1084 1859 sciat
1100 1814 1264 1856 horrida
1285 1822 1399 1851 veros

350 1900 555 1941 Barbaries
576 1897 764 1938 cecidisse
787 1894 909 1942 viros,
939 1896 977 1931 et
995 1888 1144 1942 pallida
1162 1893 1393 1939 quanquam

399 2123 474 2151 285.
497 2119 567 2152 Hanc
583 2119 616 2149 in
635 2117 687 2148 ed.
708 2116 796 2151 Bas„
818 2113 877 2144 hae
898 2111 929 2142 in
949 2119 1009 2140 ms.
1028 2109 1066 2145 A,
1084 2107 1121 2144 B,
1142 2106 1177 2143 C,
1196 2106 1233 2141 D,
1257 2103 1293 2133 E.

400 2180 476 2208 ⁶292.
496 2176 595 2208 Mein
617 2175 669 2205 etl.
692 2173 781 2208 Bas„
799 2179 839 2201 ne
859 2169 890 2199 in
906 2166 1058 2198 omnibus
1077 2173 1136 2194 ins.

403 2236 478 2265 293.
501 2233 570 2264 Luae
591 2232 621 2262 iu
641 2231 696 2262 ed.
714 2229 804 2265 Bas„
825 2226 877 2257 lex
895 2225 927 2255 in
946 2223 1098 2254 omnibus
1119 2228 1179 2250 ms.

404 2293 479 2322 295,
501 2289 654 2330 Suspecta
674 2287 704 2316 in
725 2286 776 2315 od.
795 2284 881 2318 Bas„
900 2282 1044 2321 snspecla
1065 2278 1096 2308 in
1118 2274 1268 2307 omnibus
1288 2280 1349 2302 ms.

403 2349 479 2378 296.
501 2345 666 2384 Contingit
680 2343 713 2373 in
734 2341 786 2372 ed.
804 2340 893 2376 Bas„
910 2335 1044 2376 contigit
1066 2334 1097 2365 iu
1119 2331 1271 2364 omnibus
1289 2338 1348 2359 ms.

405 2406 479 2435 305.
501 2401 637 2434 Mortem
667 2400 700 2430 in
733 2399 784 2429 ed.
807 2397 894 2432 Bas„
916 2395 1060 2424 montem
1092 2391 1124 2421 in
1156 2387 1310 2420 omnibus
1342 2393 1402 2414 nis,
1435 2380 1633 2421 Componere

362 2471 418 2502 pro
444 2467 600 2502 opponere
622 2457 652 2488 in
675 2465 736 2486 ms.
760 2455 796 2484 A.

408 2518 482 2547 307.
506 2514 656 2555 Tetiyisse
675 2521 730 2552 pro
750 2508 901 2541 cecidisse,
918 2507 950 2537 in
969 2515 1030 2536 ms.
1050 2505 1086 2541 B,
1110 2503 1144 2540 C,
1167 2503 1203 2532 D.
