<?xml version="1.0" encoding="UTF-8"?>
<!DOCTYPE html PUBLIC "-//W3C//DTD XHTML 1.0 Transitional//EN"
    "http://www.w3.org/TR/xhtml1/DTD/xhtml1-transitional.dtd">
<html xmlns="http://www.w3.org/1999/xhtml" xml:lang="en" lang="en">
 <head>
  <title>
</title>
<meta http-equiv="Content-Type" content="text/html;charset=utf-8" />
  <meta name='ocr-system' content='tesseract 3.04.00' />
  <meta name='ocr-capabilities' content='ocr_page ocr_carea ocr_par ocr_line ocrx_word'/>
</head>
<body>
  <div class='ocr_page' id='page_1' title='image "africa1872petr_0352.png"; bbox 0 0 1865 2959; ppageno 0'>
   <div class='ocr_carea' id='block_1_1' title="bbox 921 289 1131 324">
    <p class='ocr_par' dir='ltr' id='par_1_1' title="bbox 921 289 1131 324">
     <span class='ocr_line' id='line_1_1' title="bbox 921 289 1131 324; baseline 0.014 -3"><span class='ocrx_word' id='word_1_1' title='bbox 921 309 962 314; x_wconf 94' lang='lat'>—</span> <span class='ocrx_word' id='word_1_2' title='bbox 991 289 1060 324; x_wconf 70' lang='lat'>:340</span> <span class='ocrx_word' id='word_1_3' title='bbox 1090 308 1131 314; x_wconf 89' lang='lat'>-—</span> 
     </span>
    </p>
   </div>
   <div class='ocr_carea' id='block_1_2' title="bbox 373 371 1666 2016">
    <p class='ocr_par' dir='ltr' id='par_1_2' title="bbox 385 371 1370 422">
     <span class='ocr_line' id='line_1_2' title="bbox 385 371 1370 422; baseline 0.001 -10"><span class='ocrx_word' id='word_1_4' title='bbox 385 372 532 422; x_wconf 74' lang='lat' dir='ltr'>vivite,</span> <span class='ocrx_word' id='word_1_5' title='bbox 554 383 627 412; x_wconf 89' lang='lat' dir='ltr'>nec</span> <span class='ocrx_word' id='word_1_6' title='bbox 646 383 768 412; x_wconf 78' lang='lat' dir='ltr'>caecos</span> <span class='ocrx_word' id='word_1_7' title='bbox 789 372 935 413; x_wconf 85' lang='lat' dir='ltr'>iterum</span> <span class='ocrx_word' id='word_1_8' title='bbox 956 371 1066 412; x_wconf 83' lang='lat' dir='ltr'>furor</span> <span class='ocrx_word' id='word_1_9' title='bbox 1083 372 1246 412; x_wconf 77' lang='lat' dir='ltr'>invidus</span> <span class='ocrx_word' id='word_1_10' title='bbox 1262 384 1370 413; x_wconf 85' lang='lat' dir='ltr'>arma</span> 
     </span>
    </p>

    <p class='ocr_par' dir='ltr' id='par_1_3' title="bbox 386 444 1452 498">
     <span class='ocr_line' id='line_1_3' title="bbox 386 444 1452 498; baseline 0 -13"><span class='ocrx_word' id='word_1_11' title='bbox 386 445 530 485; x_wconf 78' lang='lat' dir='ltr'>Induat</span> <span class='ocrx_word' id='word_1_12' title='bbox 547 459 556 494; x_wconf 88' lang='lat'>;</span> <span class='ocrx_word' id='word_1_13' title='bbox 578 445 795 497; x_wconf 90' lang='lat' dir='ltr'>imperium</span> <span class='ocrx_word' id='word_1_14' title='bbox 815 445 992 498; x_wconf 81' lang='lat' dir='ltr'>antiquis</span> <span class='ocrx_word' id='word_1_15' title='bbox 1009 449 1084 485; x_wconf 87' lang='lat' dir='ltr'>stat</span> <span class='ocrx_word' id='word_1_16' title='bbox 1105 444 1254 485; x_wconf 84' lang='lat' dir='ltr'>finibus</span> <span class='ocrx_word' id='word_1_17' title='bbox 1273 445 1452 498; x_wconf 86' lang='lat' dir='ltr'>amplum</span> 
     </span>
    </p>

    <p class='ocr_par' dir='ltr' id='par_1_4' title="bbox 383 516 1666 642">
     <span class='ocr_line' id='line_1_4' title="bbox 385 516 1666 569; baseline 0.002 -13"><span class='ocrx_word' id='word_1_18' title='bbox 385 519 432 556; x_wconf 88' lang='lat' dir='ltr'>Et</span> <span class='ocrx_word' id='word_1_19' title='bbox 451 516 559 568; x_wconf 78' lang='lat' dir='ltr'>leges</span> <span class='ocrx_word' id='word_1_20' title='bbox 578 516 705 569; x_wconf 87' lang='lat' dir='ltr'>patria</span> <span class='ocrx_word' id='word_1_21' title='bbox 723 528 814 557; x_wconf 90' lang='lat' dir='ltr'>cum</span> <span class='ocrx_word' id='word_1_22' title='bbox 841 516 1024 557; x_wconf 87' lang='lat' dir='ltr'>libertate</span> <span class='ocrx_word' id='word_1_23' title='bbox 1050 516 1209 557; x_wconf 59' lang='lat' dir='ltr'>relicta).</span> <span class='ocrx_word' id='word_1_24' title='bbox 1563 521 1666 559; x_wconf 79' lang='grc'>1035</span> 
     </span>
     <span class='ocr_line' id='line_1_5' title="bbox 383 588 1494 642; baseline 0.002 -14"><span class='ocrx_word' id='word_1_25' title='bbox 383 588 516 629; x_wconf 79' lang='lat' dir='ltr'>Gloria</span> <span class='ocrx_word' id='word_1_26' title='bbox 535 589 587 629; x_wconf 89' lang='lat' dir='ltr'>sit</span> <span class='ocrx_word' id='word_1_27' title='bbox 605 601 836 642; x_wconf 78' lang='lat' dir='ltr'>quanquam</span> <span class='ocrx_word' id='word_1_28' title='bbox 854 588 980 629; x_wconf 84' lang='lat' dir='ltr'>latum</span> <span class='ocrx_word' id='word_1_29' title='bbox 1001 589 1231 641; x_wconf 86' lang='lat' dir='ltr'>imperitare</span> <span class='ocrx_word' id='word_1_30' title='bbox 1252 602 1320 642; x_wconf 88' lang='lat' dir='ltr'>per</span> <span class='ocrx_word' id='word_1_31' title='bbox 1340 589 1494 640; x_wconf 86' lang='lat' dir='ltr'>orbem,</span> 
     </span>
    </p>

    <p class='ocr_par' dir='ltr' id='par_1_5' title="bbox 382 660 1346 714">
     <span class='ocr_line' id='line_1_6' title="bbox 382 660 1346 714; baseline 0.001 -14"><span class='ocrx_word' id='word_1_32' title='bbox 382 660 523 701; x_wconf 86' lang='lat' dir='ltr'>Tutius</span> <span class='ocrx_word' id='word_1_33' title='bbox 544 665 602 701; x_wconf 84' lang='lat' dir='ltr'>est</span> <span class='ocrx_word' id='word_1_34' title='bbox 623 673 761 714; x_wconf 85' lang='lat' dir='ltr'>parere</span> <span class='ocrx_word' id='word_1_35' title='bbox 777 661 908 702; x_wconf 90' lang='lat' dir='ltr'>bonis.</span> <span class='ocrx_word' id='word_1_36' title='bbox 933 661 1030 700; x_wconf 86' lang='lat' dir='ltr'>Mihi</span> <span class='ocrx_word' id='word_1_37' title='bbox 1050 661 1212 710; x_wconf 77' lang='lat' dir='ltr'>credite,</span> <span class='ocrx_word' id='word_1_38' title='bbox 1233 661 1346 701; x_wconf 74' lang='lat' dir='ltr'>vobis</span> 
     </span>
    </p>

    <p class='ocr_par' dir='ltr' id='par_1_6' title="bbox 381 732 1381 786">
     <span class='ocr_line' id='line_1_7' title="bbox 381 732 1381 786; baseline 0.001 -14"><span class='ocrx_word' id='word_1_39' title='bbox 381 735 426 773; x_wconf 89' lang='lat' dir='ltr'>ln</span> <span class='ocrx_word' id='word_1_40' title='bbox 444 733 610 786; x_wconf 79' lang='lat' dir='ltr'>longum</span> <span class='ocrx_word' id='word_1_41' title='bbox 630 733 796 786; x_wconf 60' lang='lat' dir='ltr'>quaesita</span> <span class='ocrx_word' id='word_1_42' title='bbox 817 733 932 786; x_wconf 83' lang='lat' dir='ltr'>quies</span> <span class='ocrx_word' id='word_1_43' title='bbox 950 747 958 782; x_wconf 79' lang='lat'>3</span> <span class='ocrx_word' id='word_1_44' title='bbox 981 745 1055 773; x_wconf 89' lang='lat' dir='ltr'>nos</span> <span class='ocrx_word' id='word_1_45' title='bbox 1080 733 1180 773; x_wconf 86' lang='lat' dir='ltr'>dura</span> <span class='ocrx_word' id='word_1_46' title='bbox 1198 732 1381 773; x_wconf 87' lang='lat' dir='ltr'>laborum</span> 
     </span>
    </p>

    <p class='ocr_par' dir='ltr' id='par_1_7' title="bbox 381 805 1261 847">
     <span class='ocr_line' id='line_1_8' title="bbox 381 805 1261 847; baseline -0.001 -1"><span class='ocrx_word' id='word_1_47' title='bbox 381 806 543 846; x_wconf 88' lang='lat' dir='ltr'>Sarcina</span> <span class='ocrx_word' id='word_1_48' title='bbox 565 806 753 847; x_wconf 86' lang='lat' dir='ltr'>sollicitos</span> <span class='ocrx_word' id='word_1_49' title='bbox 774 805 854 846; x_wconf 92' lang='lat' dir='ltr'>ullo</span> <span class='ocrx_word' id='word_1_50' title='bbox 875 806 962 846; x_wconf 84' lang='lat' dir='ltr'>sine</span> <span class='ocrx_word' id='word_1_51' title='bbox 982 805 1061 846; x_wconf 89' lang='lat' dir='ltr'>fine</span> <span class='ocrx_word' id='word_1_52' title='bbox 1083 805 1235 846; x_wconf 78' lang='lat' dir='ltr'>tenebit</span> <span class='ocrx_word' id='word_1_53' title='bbox 1253 820 1261 845; x_wconf 91' lang='lat'><strong>:</strong></span> 
     </span>
    </p>

    <p class='ocr_par' dir='ltr' id='par_1_8' title="bbox 379 878 1665 1001">
     <span class='ocr_line' id='line_1_9' title="bbox 380 878 1665 932; baseline 0 -13"><span class='ocrx_word' id='word_1_54' title='bbox 380 879 516 919; x_wconf 88' lang='lat' dir='ltr'>Hostis</span> <span class='ocrx_word' id='word_1_55' title='bbox 536 879 611 919; x_wconf 87' lang='lat' dir='ltr'>erit</span> <span class='ocrx_word' id='word_1_56' title='bbox 628 879 873 932; x_wconf 83' lang='lat' dir='ltr'>quicumque</span> <span class='ocrx_word' id='word_1_57' title='bbox 894 889 1065 931; x_wconf 78' lang='lat' dir='ltr'>usquam</span> <span class='ocrx_word' id='word_1_58' title='bbox 1089 878 1301 918; x_wconf 84' lang='lat' dir='ltr'>nudaverit</span> <span class='ocrx_word' id='word_1_59' title='bbox 1322 890 1475 928; x_wconf 87' lang='lat' dir='ltr'>ensem,</span> <span class='ocrx_word' id='word_1_60' title='bbox 1562 880 1665 919; x_wconf 80' lang='grc'>1040</span> 
     </span>
     <span class='ocr_line' id='line_1_10' title="bbox 379 950 1512 1001; baseline -0.001 -10"><span class='ocrx_word' id='word_1_61' title='bbox 379 951 454 1001; x_wconf 86' lang='lat' dir='ltr'>Qui</span> <span class='ocrx_word' id='word_1_62' title='bbox 473 963 578 991; x_wconf 75' lang='lat' dir='ltr'>nova</span> <span class='ocrx_word' id='word_1_63' title='bbox 596 951 700 991; x_wconf 83' lang='lat' dir='ltr'>bella</span> <span class='ocrx_word' id='word_1_64' title='bbox 720 963 843 991; x_wconf 87' lang='lat' dir='ltr'>manu</span> <span class='ocrx_word' id='word_1_65' title='bbox 867 950 1066 991; x_wconf 85' lang='lat' dir='ltr'>bellorum</span> <span class='ocrx_word' id='word_1_66' title='bbox 1088 955 1155 990; x_wconf 88' lang='lat' dir='ltr'>ant</span> <span class='ocrx_word' id='word_1_67' title='bbox 1176 950 1298 991; x_wconf 86' lang='lat' dir='ltr'>verba</span> <span class='ocrx_word' id='word_1_68' title='bbox 1319 950 1512 1000; x_wconf 86' lang='lat' dir='ltr'>movebit,</span> 
     </span>
    </p>

    <p class='ocr_par' dir='ltr' id='par_1_9' title="bbox 379 1023 1525 1076">
     <span class='ocr_line' id='line_1_11' title="bbox 379 1023 1525 1076; baseline -0.001 -13"><span class='ocrx_word' id='word_1_69' title='bbox 379 1025 481 1064; x_wconf 86' lang='lat' dir='ltr'>Cura</span> <span class='ocrx_word' id='word_1_70' title='bbox 498 1023 689 1076; x_wconf 83' lang='lat' dir='ltr'>laborque</span> <span class='ocrx_word' id='word_1_71' title='bbox 713 1023 843 1076; x_wconf 81' lang='lat' dir='ltr'>gravis</span> <span class='ocrx_word' id='word_1_72' title='bbox 865 1023 1061 1064; x_wconf 86' lang='lat' dir='ltr'>scelerum</span> <span class='ocrx_word' id='word_1_73' title='bbox 1087 1035 1256 1064; x_wconf 77' lang='lat' dir='ltr'>censura</span> <span class='ocrx_word' id='word_1_74' title='bbox 1282 1036 1352 1076; x_wconf 88' lang='lat' dir='ltr'>per</span> <span class='ocrx_word' id='word_1_75' title='bbox 1373 1023 1525 1064; x_wconf 84' lang='lat' dir='ltr'>orbem.</span> 
     </span>
    </p>

    <p class='ocr_par' dir='ltr' id='par_1_10' title="bbox 379 1095 1331 1148">
     <span class='ocr_line' id='line_1_12' title="bbox 379 1095 1331 1148; baseline 0 -13"><span class='ocrx_word' id='word_1_76' title='bbox 379 1098 431 1136; x_wconf 87' lang='lat' dir='ltr'>At</span> <span class='ocrx_word' id='word_1_77' title='bbox 451 1095 564 1136; x_wconf 89' lang='lat' dir='ltr'>vobis</span> <span class='ocrx_word' id='word_1_78' title='bbox 584 1095 801 1148; x_wconf 82' lang='lat' dir='ltr'>tranquilla</span> <span class='ocrx_word' id='word_1_79' title='bbox 820 1095 1035 1142; x_wconf 76' lang='lat' dir='ltr'>salussine</span> <span class='ocrx_word' id='word_1_80' title='bbox 1059 1096 1197 1136; x_wconf 87' lang='lat' dir='ltr'>litibus</span> <span class='ocrx_word' id='word_1_81' title='bbox 1222 1095 1331 1145; x_wconf 88' lang='lat' dir='ltr'>ullis,</span> 
     </span>
    </p>

    <p class='ocr_par' dir='ltr' id='par_1_11' title="bbox 379 1168 1663 1366">
     <span class='ocr_line' id='line_1_13' title="bbox 379 1168 1501 1220; baseline -0.002 -11"><span class='ocrx_word' id='word_1_82' title='bbox 379 1168 614 1209; x_wconf 78' lang='lat' dir='ltr'>Praesidium</span> <span class='ocrx_word' id='word_1_83' title='bbox 635 1168 677 1208; x_wconf 90' lang='lat' dir='ltr'>in</span> <span class='ocrx_word' id='word_1_84' title='bbox 701 1168 834 1218; x_wconf 87' lang='lat' dir='ltr'>nobis,</span> <span class='ocrx_word' id='word_1_85' title='bbox 855 1168 933 1208; x_wconf 89' lang='lat' dir='ltr'>nisi</span> <span class='ocrx_word' id='word_1_86' title='bbox 956 1168 1136 1208; x_wconf 89' lang='lat' dir='ltr'>temnitis</span> <span class='ocrx_word' id='word_1_87' title='bbox 1157 1180 1278 1208; x_wconf 85' lang='lat' dir='ltr'>omne</span> <span class='ocrx_word' id='word_1_88' title='bbox 1302 1172 1501 1220; x_wconf 86' lang='lat' dir='ltr'>paratum,</span> 
     </span>
     <span class='ocr_line' id='line_1_14' title="bbox 379 1239 1663 1293; baseline -0.002 -12"><span class='ocrx_word' id='word_1_89' title='bbox 379 1242 545 1293; x_wconf 78' lang='lat' dir='ltr'>Semper</span> <span class='ocrx_word' id='word_1_90' title='bbox 565 1240 639 1281; x_wconf 90' lang='lat' dir='ltr'>erit</span> <span class='ocrx_word' id='word_1_91' title='bbox 658 1242 801 1280; x_wconf 85' lang='lat' dir='ltr'>Poenos</span> <span class='ocrx_word' id='word_1_92' title='bbox 821 1239 926 1280; x_wconf 86' lang='lat' dir='ltr'>inter</span> <span class='ocrx_word' id='word_1_93' title='bbox 944 1244 1210 1292; x_wconf 86' lang='lat' dir='ltr'>nostrumque</span> <span class='ocrx_word' id='word_1_94' title='bbox 1231 1244 1415 1279; x_wconf 84' lang='lat' dir='ltr'>senatum</span> <span class='ocrx_word' id='word_1_95' title='bbox 1436 1254 1443 1288; x_wconf 83' lang='lat'>;</span> <span class='ocrx_word' id='word_1_96' title='bbox 1559 1240 1663 1279; x_wconf 68' lang='lat'>1045</span> 
     </span>
     <span class='ocr_line' id='line_1_15' title="bbox 379 1311 1471 1366; baseline -0.003 -12"><span class='ocrx_word' id='word_1_97' title='bbox 379 1315 556 1366; x_wconf 85' lang='lat' dir='ltr'>Sponsor</span> <span class='ocrx_word' id='word_1_98' title='bbox 578 1325 663 1365; x_wconf 84' lang='lat' dir='ltr'>ego.</span> <span class='ocrx_word' id='word_1_99' title='bbox 685 1312 886 1352; x_wconf 86' lang='lat' dir='ltr'>Placidam</span> <span class='ocrx_word' id='word_1_100' title='bbox 906 1312 1070 1352; x_wconf 85' lang='lat' dir='ltr'>tandem</span> <span class='ocrx_word' id='word_1_101' title='bbox 1094 1312 1311 1352; x_wconf 73' lang='lat' dir='ltr'>condiscite</span> <span class='ocrx_word' id='word_1_102' title='bbox 1333 1311 1471 1361; x_wconf 79' lang='lat' dir='ltr'>vitam,</span> 
     </span>
    </p>

    <p class='ocr_par' dir='ltr' id='par_1_12' title="bbox 377 1382 1315 1436">
     <span class='ocr_line' id='line_1_16' title="bbox 377 1382 1315 1436; baseline -0.001 -12"><span class='ocrx_word' id='word_1_103' title='bbox 377 1384 533 1424; x_wconf 84' lang='lat' dir='ltr'>Sumite</span> <span class='ocrx_word' id='word_1_104' title='bbox 559 1384 733 1436; x_wconf 85' lang='lat' dir='ltr'>placatas</span> <span class='ocrx_word' id='word_1_105' title='bbox 753 1389 927 1434; x_wconf 81' lang='lat' dir='ltr'>mentes,</span> <span class='ocrx_word' id='word_1_106' title='bbox 954 1384 1143 1436; x_wconf 87' lang='lat' dir='ltr'>deponite</span> <span class='ocrx_word' id='word_1_107' title='bbox 1164 1382 1315 1423; x_wconf 84' lang='lat' dir='ltr'>ferrum</span> 
     </span>
    </p>

    <p class='ocr_par' dir='ltr' id='par_1_13' title="bbox 378 1455 1329 1506">
     <span class='ocr_line' id='line_1_17' title="bbox 378 1455 1329 1506; baseline -0.001 -9"><span class='ocrx_word' id='word_1_108' title='bbox 378 1458 436 1497; x_wconf 80' lang='lat' dir='ltr'>Ex</span> <span class='ocrx_word' id='word_1_109' title='bbox 458 1457 629 1506; x_wconf 73' lang='lat' dir='ltr'>animis,</span> <span class='ocrx_word' id='word_1_110' title='bbox 653 1456 753 1497; x_wconf 87' lang='lat' dir='ltr'>tales</span> <span class='ocrx_word' id='word_1_111' title='bbox 771 1461 882 1497; x_wconf 86' lang='lat' dir='ltr'>tanto</span> <span class='ocrx_word' id='word_1_112' title='bbox 900 1456 980 1496; x_wconf 88' lang='lat' dir='ltr'>nisi</span> <span class='ocrx_word' id='word_1_113' title='bbox 1000 1456 1160 1496; x_wconf 84' lang='lat' dir='ltr'>turbine</span> <span class='ocrx_word' id='word_1_114' title='bbox 1182 1455 1329 1496; x_wconf 81' lang='lat' dir='ltr'>frustra</span> 
     </span>
    </p>

    <p class='ocr_par' dir='ltr' id='par_1_14' title="bbox 378 1528 1325 1579">
     <span class='ocr_line' id='line_1_18' title="bbox 378 1528 1325 1579; baseline -0.001 -11"><span class='ocrx_word' id='word_1_115' title='bbox 378 1528 445 1568; x_wconf 87' lang='lat' dir='ltr'>Bis</span> <span class='ocrx_word' id='word_1_116' title='bbox 465 1528 600 1569; x_wconf 86' lang='lat' dir='ltr'>docuit</span> <span class='ocrx_word' id='word_1_117' title='bbox 620 1528 779 1569; x_wconf 81' lang='lat' dir='ltr'>fortuna</span> <span class='ocrx_word' id='word_1_118' title='bbox 802 1529 933 1579; x_wconf 76' lang='lat' dir='ltr'>viros3</span> <span class='ocrx_word' id='word_1_119' title='bbox 956 1528 1146 1568; x_wconf 83' lang='lat' dir='ltr'>dimittito</span> <span class='ocrx_word' id='word_1_120' title='bbox 1164 1528 1325 1568; x_wconf 79' lang='lat' dir='ltr'>tandem</span> 
     </span>
    </p>

    <p class='ocr_par' dir='ltr' id='par_1_15' title="bbox 376 1601 1661 1798">
     <span class='ocr_line' id='line_1_19' title="bbox 378 1601 1661 1654; baseline 0 -13"><span class='ocrx_word' id='word_1_121' title='bbox 378 1602 598 1654; x_wconf 88' lang='lat' dir='ltr'>AEquoreas</span> <span class='ocrx_word' id='word_1_122' title='bbox 618 1605 773 1642; x_wconf 87' lang='lat' dir='ltr'>tentare</span> <span class='ocrx_word' id='word_1_123' title='bbox 794 1601 894 1641; x_wconf 86' lang='lat' dir='ltr'>vias.</span> <span class='ocrx_word' id='word_1_124' title='bbox 918 1601 1160 1641; x_wconf 80' lang='lat' dir='ltr'>Discrimina</span> <span class='ocrx_word' id='word_1_125' title='bbox 1178 1605 1330 1653; x_wconf 83' lang='lat' dir='ltr'>quanta</span> <span class='ocrx_word' id='word_1_126' title='bbox 1558 1604 1661 1641; x_wconf 73' lang='grc'>1050</span> 
     </span>
     <span class='ocr_line' id='line_1_20' title="bbox 378 1672 1524 1726; baseline -0.002 -12"><span class='ocrx_word' id='word_1_127' title='bbox 378 1674 594 1714; x_wconf 56' lang='lat' dir='ltr'>Praecidam</span> <span class='ocrx_word' id='word_1_128' title='bbox 615 1678 893 1726; x_wconf 84' lang='lat' dir='ltr'>quantumque</span> <span class='ocrx_word' id='word_1_129' title='bbox 917 1673 1011 1713; x_wconf 90' lang='lat' dir='ltr'>mali</span> <span class='ocrx_word' id='word_1_130' title='bbox 1030 1678 1308 1726; x_wconf 83' lang='lat' dir='ltr'>quantumque</span> <span class='ocrx_word' id='word_1_131' title='bbox 1326 1672 1524 1723; x_wconf 82' lang='lat' dir='ltr'>laborum,</span> 
     </span>
     <span class='ocr_line' id='line_1_21' title="bbox 376 1745 1414 1798; baseline -0.002 -12"><span class='ocrx_word' id='word_1_132' title='bbox 376 1748 550 1786; x_wconf 86' lang='lat' dir='ltr'>Exuram</span> <span class='ocrx_word' id='word_1_133' title='bbox 572 1745 756 1796; x_wconf 78' lang='lat' dir='ltr'>classem,</span> <span class='ocrx_word' id='word_1_134' title='bbox 778 1758 866 1798; x_wconf 82' lang='lat' dir='ltr'>quae</span> <span class='ocrx_word' id='word_1_135' title='bbox 885 1757 956 1786; x_wconf 89' lang='lat' dir='ltr'>vos</span> <span class='ocrx_word' id='word_1_136' title='bbox 976 1757 1047 1798; x_wconf 90' lang='lat' dir='ltr'>per</span> <span class='ocrx_word' id='word_1_137' title='bbox 1072 1750 1213 1785; x_wconf 87' lang='lat' dir='ltr'>cuncta</span> <span class='ocrx_word' id='word_1_138' title='bbox 1235 1745 1414 1785; x_wconf 81' lang='lat' dir='ltr'>furentes</span> 
     </span>
    </p>

    <p class='ocr_par' dir='ltr' id='par_1_16' title="bbox 375 1817 1366 1871">
     <span class='ocr_line' id='line_1_22' title="bbox 375 1817 1366 1871; baseline -0.003 -12"><span class='ocrx_word' id='word_1_139' title='bbox 375 1819 524 1859; x_wconf 82' lang='lat' dir='ltr'>Littora</span> <span class='ocrx_word' id='word_1_140' title='bbox 547 1818 744 1871; x_wconf 83' lang='lat' dir='ltr'>raptabat,</span> <span class='ocrx_word' id='word_1_141' title='bbox 771 1830 858 1870; x_wconf 58' lang='lat' dir='ltr'>quae</span> <span class='ocrx_word' id='word_1_142' title='bbox 878 1817 992 1858; x_wconf 85' lang='lat' dir='ltr'>vohis</span> <span class='ocrx_word' id='word_1_143' title='bbox 1013 1818 1141 1870; x_wconf 86' lang='lat' dir='ltr'>prima</span> <span class='ocrx_word' id='word_1_144' title='bbox 1166 1817 1366 1857; x_wconf 84' lang='lat' dir='ltr'>malorum</span> 
     </span>
    </p>

    <p class='ocr_par' dir='ltr' id='par_1_17' title="bbox 373 1889 1659 2016">
     <span class='ocr_line' id='line_1_23' title="bbox 373 1889 1432 1942; baseline -0.002 -12"><span class='ocrx_word' id='word_1_145' title='bbox 373 1891 580 1931; x_wconf 80' lang='lat' dir='ltr'>Materiam</span> <span class='ocrx_word' id='word_1_146' title='bbox 607 1891 729 1941; x_wconf 78' lang='lat' dir='ltr'>dedit,</span> <span class='ocrx_word' id='word_1_147' title='bbox 753 1890 1024 1942; x_wconf 85' lang='lat' dir='ltr'>Ausoniisque</span> <span class='ocrx_word' id='word_1_148' title='bbox 1045 1889 1279 1930; x_wconf 87' lang='lat' dir='ltr'>incumbere</span> <span class='ocrx_word' id='word_1_149' title='bbox 1299 1889 1432 1941; x_wconf 72' lang='lat' dir='ltr'>regnis</span> 
     </span>
     <span class='ocr_line' id='line_1_24' title="bbox 374 1962 1659 2016; baseline -0.001 -13"><span class='ocrx_word' id='word_1_150' title='bbox 374 1963 591 2016; x_wconf 86' lang='lat' dir='ltr'>Compulit,</span> <span class='ocrx_word' id='word_1_151' title='bbox 608 1975 652 2004; x_wconf 89' lang='lat' dir='ltr'>ac</span> <span class='ocrx_word' id='word_1_152' title='bbox 672 1964 851 2004; x_wconf 88' lang='lat' dir='ltr'>tumidos</span> <span class='ocrx_word' id='word_1_153' title='bbox 876 1963 1008 2003; x_wconf 87' lang='lat' dir='ltr'>docuit</span> <span class='ocrx_word' id='word_1_154' title='bbox 1034 1963 1318 2004; x_wconf 81' lang='lat' dir='ltr'>transcendere</span> <span class='ocrx_word' id='word_1_155' title='bbox 1338 1962 1497 2002; x_wconf 83' lang='lat' dir='ltr'>fluctus.</span> <span class='ocrx_word' id='word_1_156' title='bbox 1558 1965 1659 2002; x_wconf 77' lang='lat'>1055</span> 
     </span>
    </p>
   </div>
   <div class='ocr_carea' id='block_1_3' title="bbox 375 2126 1659 2399">
    <p class='ocr_par' dir='ltr' id='par_1_18' title="bbox 375 2126 1659 2217">
     <span class='ocr_line' id='line_1_25' title="bbox 420 2126 1659 2166; baseline 0 -8"><span class='ocrx_word' id='word_1_157' title='bbox 420 2127 519 2158; x_wconf 90' lang='grc'>1033.</span> <span class='ocrx_word' id='word_1_158' title='bbox 542 2126 651 2161; x_wconf 84' lang='lat' dir='ltr'>Coecus</span> <span class='ocrx_word' id='word_1_159' title='bbox 683 2128 803 2160; x_wconf 82' lang='lat' dir='ltr'>iterum</span> <span class='ocrx_word' id='word_1_160' title='bbox 831 2127 959 2160; x_wconf 75' lang='lat' dir='ltr'>invidus</span> <span class='ocrx_word' id='word_1_161' title='bbox 991 2128 1025 2158; x_wconf 88' lang='lat' dir='ltr'>in</span> <span class='ocrx_word' id='word_1_162' title='bbox 1060 2128 1112 2159; x_wconf 84' lang='lat' dir='ltr'>ed.</span> <span class='ocrx_word' id='word_1_163' title='bbox 1150 2127 1221 2158; x_wconf 80' lang='lat' dir='ltr'>Bas.</span> <span class='ocrx_word' id='word_1_164' title='bbox 1236 2151 1244 2166; x_wconf 95' lang='lat'>,</span> <span class='ocrx_word' id='word_1_165' title='bbox 1278 2135 1378 2159; x_wconf 79' lang='lat' dir='ltr'>eoecos·</span> <span class='ocrx_word' id='word_1_166' title='bbox 1414 2128 1532 2159; x_wconf 79' lang='lat' dir='ltr'>ilerum</span> <span class='ocrx_word' id='word_1_167' title='bbox 1567 2126 1659 2166; x_wconf 80' lang='lat' dir='ltr'>saror</span> 
     </span>
     <span class='ocr_line' id='line_1_26' title="bbox 375 2182 804 2217; baseline 0.005 -2"><span class='ocrx_word' id='word_1_168' title='bbox 375 2182 503 2215; x_wconf 79' lang='lat' dir='ltr'>invidus</span> <span class='ocrx_word' id='word_1_169' title='bbox 524 2184 557 2216; x_wconf 89' lang='lat' dir='ltr'>in</span> <span class='ocrx_word' id='word_1_170' title='bbox 572 2184 723 2217; x_wconf 89' lang='lat' dir='ltr'>omnibus</span> <span class='ocrx_word' id='word_1_171' title='bbox 742 2194 804 2217; x_wconf 85' lang='lat' dir='ltr'>ms.</span> 
     </span>
    </p>

    <p class='ocr_par' dir='ltr' id='par_1_19' title="bbox 419 2241 1284 2280">
     <span class='ocr_line' id='line_1_27' title="bbox 419 2241 1284 2280; baseline 0.001 -9"><span class='ocrx_word' id='word_1_172' title='bbox 419 2241 519 2272; x_wconf 86' lang='lat'>1038.</span> <span class='ocrx_word' id='word_1_173' title='bbox 544 2241 578 2273; x_wconf 89' lang='lat' dir='ltr'>Id</span> <span class='ocrx_word' id='word_1_174' title='bbox 595 2242 629 2273; x_wconf 91' lang='lat' dir='ltr'>in</span> <span class='ocrx_word' id='word_1_175' title='bbox 648 2244 701 2274; x_wconf 83' lang='lat' dir='ltr'>ed.</span> <span class='ocrx_word' id='word_1_176' title='bbox 723 2243 812 2279; x_wconf 81' lang='lat' dir='ltr'>Bas..</span> <span class='ocrx_word' id='word_1_177' title='bbox 833 2242 916 2274; x_wconf 81' lang='lat' dir='ltr'>inin</span> <span class='ocrx_word' id='word_1_178' title='bbox 933 2252 994 2274; x_wconf 87' lang='lat' dir='ltr'>ms.</span> <span class='ocrx_word' id='word_1_179' title='bbox 1016 2244 1053 2280; x_wconf 82' lang='lat' dir='ltr'>A,</span> <span class='ocrx_word' id='word_1_180' title='bbox 1077 2242 1114 2280; x_wconf 88' lang='grc' dir='ltr'>Β,</span> <span class='ocrx_word' id='word_1_181' title='bbox 1135 2242 1173 2280; x_wconf 88' lang='lat' dir='ltr'>C,</span> <span class='ocrx_word' id='word_1_182' title='bbox 1192 2242 1230 2280; x_wconf 88' lang='lat' dir='ltr'>D,</span> <span class='ocrx_word' id='word_1_183' title='bbox 1251 2242 1284 2272; x_wconf 90' lang='lat' dir='ltr'>F.</span> 
     </span>
    </p>

    <p class='ocr_par' dir='ltr' id='par_1_20' title="bbox 420 2298 1236 2341">
     <span class='ocr_line' id='line_1_28' title="bbox 420 2298 1236 2341; baseline -0.001 -11"><span class='ocrx_word' id='word_1_184' title='bbox 420 2301 518 2331; x_wconf 84' lang='grc'>1041.</span> <span class='ocrx_word' id='word_1_185' title='bbox 542 2298 620 2340; x_wconf 73' lang='lat' dir='ltr'>Quis</span> <span class='ocrx_word' id='word_1_186' title='bbox 640 2300 673 2331; x_wconf 92' lang='lat' dir='ltr'>in</span> <span class='ocrx_word' id='word_1_187' title='bbox 693 2301 745 2332; x_wconf 86' lang='lat' dir='ltr'>ed.</span> <span class='ocrx_word' id='word_1_188' title='bbox 761 2300 849 2338; x_wconf 87' lang='lat' dir='ltr'>Bas.‚</span> <span class='ocrx_word' id='word_1_189' title='bbox 873 2300 928 2341; x_wconf 78' lang='lat' dir='ltr'>qui</span> <span class='ocrx_word' id='word_1_190' title='bbox 948 2300 981 2330; x_wconf 87' lang='lat' dir='ltr'>in</span> <span class='ocrx_word' id='word_1_191' title='bbox 1005 2299 1154 2331; x_wconf 88' lang='lat' dir='ltr'>omnibus</span> <span class='ocrx_word' id='word_1_192' title='bbox 1176 2308 1236 2329; x_wconf 90' lang='lat' dir='ltr'>ms.</span> 
     </span>
    </p>

    <p class='ocr_par' dir='ltr' id='par_1_21' title="bbox 420 2354 1653 2399">
     <span class='ocr_line' id='line_1_29' title="bbox 420 2354 1653 2399; baseline -0.003 -10"><span class='ocrx_word' id='word_1_193' title='bbox 420 2359 517 2389; x_wconf 81' lang='grc'>1044.</span> <span class='ocrx_word' id='word_1_194' title='bbox 545 2357 647 2395; x_wconf 81' lang='lat' dir='ltr'>Vobis,</span> <span class='ocrx_word' id='word_1_195' title='bbox 662 2361 834 2399; x_wconf 79' lang='lat' dir='ltr'>peractum</span> <span class='ocrx_word' id='word_1_196' title='bbox 853 2358 885 2388; x_wconf 92' lang='lat' dir='ltr'>in</span> <span class='ocrx_word' id='word_1_197' title='bbox 905 2358 957 2388; x_wconf 66' lang='lat' dir='ltr'>csl.</span> <span class='ocrx_word' id='word_1_198' title='bbox 974 2358 1065 2393; x_wconf 77' lang='lat' dir='ltr'>Bas..</span> <span class='ocrx_word' id='word_1_199' title='bbox 1085 2355 1190 2394; x_wconf 77' lang='lat' dir='ltr'>nobis,</span> <span class='ocrx_word' id='word_1_200' title='bbox 1203 2357 1357 2396; x_wconf 81' lang='lat' dir='ltr'>paralum</span> <span class='ocrx_word' id='word_1_201' title='bbox 1375 2354 1407 2386; x_wconf 91' lang='lat' dir='ltr'>in</span> <span class='ocrx_word' id='word_1_202' title='bbox 1426 2355 1577 2386; x_wconf 86' lang='lat' dir='ltr'>omnibus</span> <span class='ocrx_word' id='word_1_203' title='bbox 1595 2364 1653 2386; x_wconf 84' lang='lat' dir='ltr'>ms.</span> 
     </span>
    </p>
   </div>
   <div class='ocr_carea' id='block_1_4' title="bbox 416 2413 1460 2625">
    <p class='ocr_par' dir='ltr' id='par_1_22' title="bbox 417 2413 1345 2511">
     <span class='ocr_line' id='line_1_30' title="bbox 420 2413 1345 2452; baseline -0.001 -8"><span class='ocrx_word' id='word_1_204' title='bbox 420 2416 515 2446; x_wconf 90' lang='grc'>1047.</span> <span class='ocrx_word' id='word_1_205' title='bbox 537 2414 661 2447; x_wconf 76' lang='lat' dir='ltr'>Semite</span> <span class='ocrx_word' id='word_1_206' title='bbox 681 2415 713 2446; x_wconf 92' lang='lat' dir='ltr'>in</span> <span class='ocrx_word' id='word_1_207' title='bbox 733 2415 785 2447; x_wconf 85' lang='lat' dir='ltr'>cd.</span> <span class='ocrx_word' id='word_1_208' title='bbox 808 2415 897 2452; x_wconf 55' lang='lat' dir='ltr'>Bas„</span> <span class='ocrx_word' id='word_1_209' title='bbox 917 2414 1037 2446; x_wconf 79' lang='lat' dir='ltr'>sumite</span> <span class='ocrx_word' id='word_1_210' title='bbox 1055 2413 1087 2444; x_wconf 89' lang='lat' dir='ltr'>in</span> <span class='ocrx_word' id='word_1_211' title='bbox 1109 2413 1264 2444; x_wconf 89' lang='lat' dir='ltr'>omnibus</span> <span class='ocrx_word' id='word_1_212' title='bbox 1285 2421 1345 2444; x_wconf 86' lang='lat' dir='ltr'>ms.</span> 
     </span>
     <span class='ocr_line' id='line_1_31' title="bbox 417 2470 1189 2511; baseline -0.003 -9"><span class='ocrx_word' id='word_1_213' title='bbox 417 2473 516 2503; x_wconf 85' lang='grc'>1049.</span> <span class='ocrx_word' id='word_1_214' title='bbox 543 2471 595 2505; x_wconf 86' lang='lat' dir='ltr'>Vis</span> <span class='ocrx_word' id='word_1_215' title='bbox 612 2471 644 2503; x_wconf 85' lang='lat' dir='ltr'>in</span> <span class='ocrx_word' id='word_1_216' title='bbox 663 2473 715 2504; x_wconf 87' lang='lat' dir='ltr'>ed.</span> <span class='ocrx_word' id='word_1_217' title='bbox 736 2472 825 2511; x_wconf 61' lang='lat' dir='ltr'>Bas„</span> <span class='ocrx_word' id='word_1_218' title='bbox 843 2471 889 2504; x_wconf 82' lang='lat' dir='ltr'>bis</span> <span class='ocrx_word' id='word_1_219' title='bbox 907 2471 938 2502; x_wconf 90' lang='lat' dir='ltr'>in</span> <span class='ocrx_word' id='word_1_220' title='bbox 960 2470 1109 2502; x_wconf 83' lang='lat' dir='ltr'>omnibus</span> <span class='ocrx_word' id='word_1_221' title='bbox 1129 2479 1189 2501; x_wconf 90' lang='lat' dir='ltr'>ms.</span> 
     </span>
    </p>

    <p class='ocr_par' dir='ltr' id='par_1_23' title="bbox 416 2526 1460 2625">
     <span class='ocr_line' id='line_1_32' title="bbox 417 2526 1420 2569; baseline -0.001 -11"><span class='ocrx_word' id='word_1_222' title='bbox 417 2529 516 2559; x_wconf 85' lang='grc'>1051.</span> <span class='ocrx_word' id='word_1_223' title='bbox 540 2528 678 2561; x_wconf 74' lang='lat' dir='ltr'>Prmcidi</span> <span class='ocrx_word' id='word_1_224' title='bbox 699 2529 731 2560; x_wconf 88' lang='lat' dir='ltr'>in</span> <span class='ocrx_word' id='word_1_225' title='bbox 752 2530 805 2561; x_wconf 85' lang='lat' dir='ltr'>ed.</span> <span class='ocrx_word' id='word_1_226' title='bbox 825 2529 915 2567; x_wconf 56' lang='lat' dir='ltr'>Bas,</span> <span class='ocrx_word' id='word_1_227' title='bbox 934 2527 1111 2569; x_wconf 66' lang='lat' dir='ltr'>praecidam</span> <span class='ocrx_word' id='word_1_228' title='bbox 1133 2526 1166 2558; x_wconf 93' lang='lat' dir='ltr'>in</span> <span class='ocrx_word' id='word_1_229' title='bbox 1187 2526 1338 2558; x_wconf 89' lang='lat' dir='ltr'>omnibus</span> <span class='ocrx_word' id='word_1_230' title='bbox 1356 2536 1420 2558; x_wconf 84' lang='lat' dir='ltr'>ms.</span> 
     </span>
     <span class='ocr_line' id='line_1_33' title="bbox 416 2584 1460 2625; baseline -0.003 -9"><span class='ocrx_word' id='word_1_231' title='bbox 416 2587 514 2618; x_wconf 73' lang='lat'>1⁰52.</span> <span class='ocrx_word' id='word_1_232' title='bbox 541 2585 702 2619; x_wconf 67' lang='lat' dir='ltr'>Exuerz&#39;m</span> <span class='ocrx_word' id='word_1_233' title='bbox 723 2587 756 2618; x_wconf 85' lang='lat' dir='ltr'>in</span> <span class='ocrx_word' id='word_1_234' title='bbox 778 2587 831 2619; x_wconf 88' lang='lat' dir='ltr'>ed.</span> <span class='ocrx_word' id='word_1_235' title='bbox 851 2587 940 2625; x_wconf 59' lang='lat' dir='ltr'>Bas„</span> <span class='ocrx_word' id='word_1_236' title='bbox 960 2594 1095 2618; x_wconf 76' lang='lat' dir='ltr'>exuram</span> <span class='ocrx_word' id='word_1_237' title='bbox 1117 2584 1148 2615; x_wconf 85' lang='lat' dir='ltr'>in</span> <span class='ocrx_word' id='word_1_238' title='bbox 1167 2593 1228 2615; x_wconf 85' lang='lat' dir='ltr'>ms.</span> <span class='ocrx_word' id='word_1_239' title='bbox 1252 2585 1288 2622; x_wconf 79' lang='grc' dir='ltr'>Α,</span> <span class='ocrx_word' id='word_1_240' title='bbox 1309 2584 1346 2621; x_wconf 86' lang='grc' dir='ltr'>Β,</span> <span class='ocrx_word' id='word_1_241' title='bbox 1368 2585 1400 2621; x_wconf 78' lang='lat' dir='ltr'>C,</span> <span class='ocrx_word' id='word_1_242' title='bbox 1426 2584 1460 2613; x_wconf 89' lang='lat' dir='ltr'>l).</span> 
     </span>
    </p>
   </div>
  </div>
 </body>
</html>
