1865 2959
888 219 1096 255 -114—

352 303 525 344 Cesserit
548 317 556 343 :
577 302 645 344 illa
663 303 780 343 novis
801 314 959 356 semper
974 309 1084 356 parat
1104 303 1259 356 integra
1282 308 1436 357 partem
1550 307 1627 346 175

348 376 440 416 Vita
459 375 606 426 breviS,
633 387 848 428 rerumque
869 375 981 416 venit
1001 375 1262 427 longissimus
1287 376 1399 416 ordo.

347 446 449 495 Quid
467 446 549 497 fiet,
574 446 653 487 nisi
673 459 842 500 quaeque
862 458 956 487 suos
976 447 1210 500 produxerit
1230 452 1324 488 zetas

345 519 534 559 Venturis
553 519 620 572 qui
641 524 783 573 sponte
803 519 929 560 velint
949 531 1154 560 occurrere
1175 519 1266 560 satis
1280 524 1297 559 ἱ)

345 590 554 632 Sufficeret
573 592 728 632 cunctis
747 592 873 645 spatio
894 592 925 632 si
948 591 1142 644 temporis
1161 604 1283 642 unus,

345 662 506 704 Publica
531 675 595 704 res
618 667 773 716 poterat
793 663 892 704 duce
911 667 948 704 te
967 668 1155 704 contenta
1173 662 1312 704 fuisse.
1545 666 1622 706 180

343 737 404 776 Tu
430 736 630 789 siquidem
652 736 766 777 laetus
784 748 961 787 mecum,
984 736 1081 777 dum
1101 735 1204 777 bella
1223 740 1424 788 gerentur,

341 807 415 848 Hic
430 807 523 858 eris,
544 813 582 849 et
597 810 792 861 Juvenem
815 808 1020 862 egregium
1038 808 1220 849 laudabis
1242 808 1289 848 ab
1311 807 1403 848 alto.

341 882 470 921 Pauca
484 892 531 921 ex
547 880 772 921 innumeris
793 892 974 921 memoro
991 895 1000 931 ;
1024 882 1176 934 majora
1197 885 1412 933 supersunt

339 953 458 993 Gesta
480 952 555 993 viri
575 952 803 1006 plectroque
824 952 912 993 aliis
926 954 1077 1005 maJ‘ore
1096 953 1292 993 canenda.

336 1026 517 1079 Namque
541 1025 605 1066 hic
625 1025 817 1079 praecipiti
839 1025 906 1076 (sit
926 1025 985 1066 fas
1002 1024 1164 1075 dixisse)
1181 1024 1316 1066 volatu
1541 1028 1617 1067 180

334 1098 469 1139 Victor
481 1098 530 1139 ab
548 1110 688 1139 occasu
707 1098 970 1145 descendens,
989 1097 1115 1138 victor
1133 1097 1183 1138 ad
1202 1102 1312 1137 ortus

333 1170 558 1221 perveniet,
579 1182 812 1223 nomenque
832 1169 978 1210 Italum
1000 1181 1121 1222 super
1140 1174 1246 1210 astra
1262 1168 1423 1210 levabit.

333 1242 477 1283 Omnia
499 1242 776 1294 succumbent,
795 1242 934 1283 multis
956 1241 1117 1282 fortuna
1132 1241 1349 1294 triumphis

331 1316 456 1367 Larga
479 1314 585 1356 volet
605 1314 732 1356 ditare
752 1315 920 1364 ducem;
946 1313 1191 1354 moderatior
1214 1318 1349 1354 autem

332 1386 645 1440 Implendusque
663 1386 822 1427 animus
842 1387 993 1440 paucis,
1015 1386 1123 1439 quod
1150 1385 1285 1426 laurea
1297 1385 1442 1438 triplex
1535 1389 1612 1427 190

331 1459 508 1512 Stringat
525 1459 697 1500 honesta
715 1471 865 1509 comas,
888 1459 996 1512 quod
1014 1463 1075 1499 ter
1095 1470 1166 1499 sua
1183 1460 1311 1499 Roma
1334 1458 1511 1499 verendo

328 1532 567 1572 Exstantem
586 1543 704 1572 curru
727 1531 879 1582 videat,
899 1535 1114 1571 contentus
1135 1530 1273 1570 abibit.

327 1602 400 1643 Hic
419 1607 458 1643 et
477 1603 627 1655 piratas
643 1603 780 1657 pelago
798 1602 971 1656 depellet
993 1602 1041 1643 ab
1060 1602 1197 1652 omni3

324 1674 516 1716 Vincetur
528 1676 667 1716 Judaea
690 1680 826 1727 tenax,
847 1675 1041 1716 Armenia
1060 1674 1208 1728 duplex
1220 1689 1230 1724 ;

324 1747 576 1800 Cappadoces
595 1747 845 1801 Arabesque,
866 1753 905 1789 et
926 1747 1005 1788 lato
1027 1759 1191 1800 corpore
1217 1748 1388 1799 Ganges,
1527 1749 1602 1788 195

322 1818 454 1859 Persis
474 1825 513 1860 et
531 1820 741 1861 Arsacides
762 1834 772 1870 ;
800 1819 1017 1872 Rubroque
1034 1831 1057 1860 a
1076 1818 1208 1859 littore
1227 1819 1393 1859 tandem

320 1891 465 1934 Omnia
482 1892 690 1935 vincentes
708 1892 880 1946 rigidam
897 1891 1110 1934 veniemus
1136 1891 1187 1933 ad
1203 1892 1352 1933 Arcton
1370 1905 1379 1941 ;

365 2057 441 2089 178.
468 2057 628 2091 Ventus-us
644 2057 677 2089 in
696 2058 748 2089 ed.
771 2057 862 2095 Bas.,
883 2057 1028 2089 venturis
1046 2056 1080 2088 in
1102 2055 1253 2088 omnibus
1274 2065 1335 2088 ms.

365 2115 443 2146 179.
459 2113 602 2156 Spatiosi
621 2114 655 2146 in
675 2115 728 2146 ed.
751 2114 842 2153 Bas.‚
861 2114 965 2156 spatio
985 2114 1014 2145 si
1034 2114 1066 2145 in
1084 2114 1236 2145 omnibus
1256 2122 1320 2144 ms.

363 2173 439 2203 183.
462 2172 572 2204 Pauca
591 2172 646 2205 sed
663 2172 696 2204 in
717 2173 770 2204 ed.
793 2172 1004 2213 Bas.‚pauca
1021 2179 1063 2203 esc
1082 2170 1113 2201 in
1135 2170 1288 2202 omnibus
1307 2180 1368 2202 ms.

363 2230 440 2260 1814.
460 2229 585 2270 Majora
605 2229 637 2261 in
658 2231 712 2262 ed.
735 2230 824 2268 Bas,
846 2229 968 2269 majore
986 2228 1018 2259 in
1040 2227 1192 2260 omnibus
1215 2237 1276 2258 ms.

363 2287 440 2318 186.
462 2286 634 2318 Discedens
653 2297 710 2327 pro
729 2285 925 2319 descendens
945 2285 976 2316 in
1001 2294 1061 2316 ms.
1085 2286 1120 2321 E„
1143 2286 1177 2316 F.

360 2343 436 2374 191.
457 2342 603 2385 Strinqet
620 2344 653 2375 in
674 2344 726 2375 ed.
749 2344 838 2381 Bas„
858 2343 998 2384 stringat
1019 2341 1052 2373 in
1072 2351 1120 2372 ms
1152 2343 1189 2380 Α,
1210 2342 1245 2379 Β,
1268 2342 1302 2377 C,
1321 2341 1359 2379 D,
1379 2341 1426 2379 E,
1448 2339 1527 2372 lein
1543 2340 1594 2371 ed.

313 2399 403 2437 Bas.¹
426 2403 475 2432 ter
494 2400 528 2431 in
550 2409 611 2432 ms.
632 2401 670 2439 A,
687 2401 725 2439 Β,
746 2401 835 2438 c‚1)‚
856 2400 893 2431 Ε.

357 2458 433 2488 195.
458 2455 591 2498 θανρὶἰε
611 2458 731 2499 legitur
749 2467 809 2498 pro
836 2465 969 2499 corpore
995 2455 1027 2487 in
1054 2465 1113 2487 ms.
1134 2456 1171 2494 A,
1193 2455 1228 2495 Β,
1257 2455 1292 2493 C,
1317 2456 1352 2494 D,
1374 2455 1420 2493 E3
1451 2454 1508 2486 sed
1526 2453 1593 2494 jain

312 2513 345 2545 in
366 2522 430 2546 ms.
449 2514 474 2547 A
493 2523 580 2547 corr.
599 2524 658 2556 pro
677 2523 821 2557 corpore.
