1865 2959
856 301 1066 337 —312—

318 387 546 429 Frondibus
565 398 653 427 ecce
672 385 769 426 010ae
793 386 942 427 circum
964 386 1151 427 redimita
1170 386 1338 427 virentis

317 459 655 514 Supplicibusque
677 463 837 499 onerata
861 458 956 498 viris
978 459 1089 499 venit
1107 457 1224 498 obvia
1244 459 1391 512 puppis

319 535 375 574 Ac
394 543 531 585 pacem
556 530 796 584 veniamque
815 536 971 583 petens.
994 530 1056 570 Nil
1073 530 1234 571 vocibus
1260 530 1339 569 illis
1526 533 1604 572 380

319 607 574 657 Responsum
593 607 652 643 est
678 602 785 642 aliud
809 616 816 642 :
839 602 954 642 firmo
981 607 1075 642 sunt
1095 601 1346 655 littorejussi

321 676 553 717 Adventum
573 678 802 727 exspectare
824 674 935 714 ducis
957 676 1218 726 Romanaque
1237 678 1379 714 castra.

322 751 409 801 Ipse
429 747 503 788 sub
521 746 661 787 invisae
680 746 847 786 classem
868 750 1006 786 tamen
1026 745 1214 786 admovet
1235 745 1346 785 urbis

323 820 486 869 Moenia,
506 823 545 859 et
563 819 688 859 aerias
715 818 943 870 speculatur
964 817 1148 857 cominus
1173 829 1296 857 arces.

323 891 525 944 Conspicit
544 890 720 932 excelsas
741 890 867 930 solido
889 889 937 929 de
956 901 1157 929 marmore
1174 893 1304 929 turres
1531 890 1608 929 385

323 964 548 1006 Liminibus
570 966 886 1015 superastantes‚
903 974 947 1001 ae
971 961 1098 1002 ferrea
1118 960 1290 1001 claustra

324 1040 534 1077 Portarum
554 1035 649 1075 totis
669 1039 707 1075 et
726 1033 1025 1087 propugnacula
1044 1033 1172 1073 muris

324 1108 541 1150 Admirans
566 1109 818 1160 Romamque-
842 1112 990 1160 putans
1011 1106 1162 1146 vidisse
1182 1105 1417 1146 secundam.

332 1181 432 1222 Urbs
457 1179 697 1221 circumfuso
719 1180 890 1220 vallatur
910 1179 1087 1220 maxima
1106 1183 1228 1232 ponto

326 1256 375 1294 Et
392 1253 520 1294 muris
540 1257 578 1293 et
595 1258 682 1293 tuta
704 1252 819 1302 sinu;
842 1252 920 1292 nisi
944 1251 1045 1292 falsa
1066 1263 1284 1306 parumper
1536 1251 1613 1290 390

327 1325 499 1379 Augusti
524 1337 546 1365 a
563 1329 676 1378 tergo
694 1323 946 1377 pepulissent
962 1323 1097 1364 littora
1119 1323 1273 1376 campi,

329 1398 467 1439 Insula
485 1402 569 1438 tota
586 1397 689 1438 foret
715 1397 853 1438 subter
872 1396 1070 1437 latissima
1087 1400 1221 1448 portu.

328 1470 520 1512 Planities
536 1471 704 1511 immota
722 1472 827 1523 jacet
850 1469 1067 1522 faucesque
1088 1469 1238 1509 catenis

329 1545 553 1585 Nectuntur
570 1542 712 1583 validis
728 1557 738 1593 ;
759 1542 906 1583 crebrae
929 1546 1036 1582 stant
1055 1541 1189 1582 littore
1207 1545 1354 1581 turres.

330 1619 419 1670 Ipse
437 1616 564 1657 oculis
586 1615 753 1656 metitur
772 1627 887 1668 opus,
911 1615 1109 1667 libratque
1130 1614 1339 1667 periclum,
1539 1614 1616 1652 395·

331 1688 601 1742 Exploratque
620 1687 751 1728 aditus
771 1687 840 1727 ubi
861 1699 1036 1740 pronum
1056 1686 1253 1740 prendere
1281 1690 1431 1726 terram

332 1762 418 1810 Qua
437 1765 619 1814 penetret
638 1764 815 1813 portum,
840 1771 929 1812 quae
950 1759 1000 1799 sit
1021 1759 1084 1799 via
1103 1763 1188 1798 tuta
1214 1757 1287 1798 sub
1308 1769 1438 1798 arcem
1460 1770 1469 1796 :

334 1833 510 1873 invisam
534 1832 659 1873 veluti
683 1831 849 1884 cupiens
868 1837 1122 1884 prosternere
1140 1841 1282 1884 rupem

334 1905 470 1946 Cultor
489 1904 571 1957 agri
593 1908 661 1945 aut
680 1905 801 1956 segeti
829 1904 1068 1944 damnosam
1089 1902 1258 1943 avellere
1277 1914 1469 1955 quercum

335 1979 368 2017 It
387 1976 552 2027 circum,
575 1980 785 2030 tentatque
810 1976 969 2026 modos,
998 1975 1234 2028 facilemque
1256 1975 1416 2015 ruinam
1538 1976 1617 2014 400

336 2048 489 2101 Cogitat
512 2048 810 2101 innocuamque
833 2048 920 2089 aliis
947 2059 1168 2101 campoque
1189 2047 1359 2100 sibique.

383 2201 460 2233 381.
477 2199 592 2234 Sabin
610 2200 662 2232 ed.
684 2201 773 2238 Bas„
793 2202 869 2232 sunt
889 2199 921 2231 in
942 2199 1097 2232 omnibus
1117 2208 1177 2230 ms.

386 2259 463 2289 383.
484 2257 590 2291 Classe
612 2257 645 2288 in
667 2258 719 2289 ed.
742 2258 830 2296 Bas„
853 2257 986 2289 classem
1006 2257 1040 2288 in
1059 2266 1122 2288 [ηε.
1145 2258 1167 2287 Α
1182 2257 1229 2297 (at.
1244 2255 1277 2287 in
1298 2255 1445 2296 margine
1458 2255 1616 2297 puppim).

385 2316 461 2347 385.
480 2315 521 2348 Et
535 2314 634 2347 celsas
654 2315 687 2346 in
709 2316 762 2346 ed.
782 2315 872 2353 Bas„
888 2314 1030 2346 excelsas
1051 2313 1082 2344 in
1102 2323 1164 2344 ms.
1183 2313 1223 2351 A,
1238 2313 1276 2351 B,
1299 2313 1333 2351 C,
1354 2313 1391 2351 D,
1413 2313 1447 2343 F.

383 2374 459 2404 386.
480 2371 669 2404 Luminibus
689 2372 721 2404 in
739 2373 791 2404 ed.
815 2372 903 2410 Bas„
922 2370 1089 2403 liminibus
1108 2370 1140 2401 iu
1161 2370 1310 2401 omnibus
1330 2378 1390 2400 ms.

386 2430 461 2461 387.
485 2429 542 2461 Hic
561 2439 675 2461 versus
695 2430 786 2461 deest
806 2428 837 2460 in
856 2438 915 2460 ms.
938 2429 973 2459 Ε.

388 2488 464 2518 390.
482 2487 594 2519 Murus
614 2487 646 2518 in
667 2488 719 2519 ed.
739 2487 826 2523 Bas,
849 2486 952 2516 muris
969 2485 1001 2516 in
1022 2484 1172 2516 omuibus
1190 2493 1254 2515 ms.

389 2546 464 2576 392.
484 2543 586 2577 chaeta
613 2544 644 2576 in
666 2545 717 2576 ed.
741 2544 828 2581 Bas..
846 2542 955 2575 subter
977 2542 1007 2573 iu
1028 2541 1178 2574 omnibus
1199 2551 1260 2573 ms.

392 2604 467 2634 396.
489 2602 649 2645 Exploras
667 2603 699 2634 iu
719 2603 771 2635 ed.
794 2602 882 2639 Bas„
900 2601 1047 2642 explorat
1067 2600 1098 2631 in
1116 2599 1270 2631 omnibus
1291 2607 1352 2629 ms.
