1865 2959
823 206 862 211 ——
893 186 961 221 359
988 207 1031 211 ——

290 272 375 321 Ipse
396 281 466 321 ego
486 273 710 309 trecentum
724 269 952 310 labentibus
971 270 1110 310 ordine
1128 271 1266 311 lustris

288 344 502 381 Dumosam
527 345 681 381 tentare
702 341 808 380 viam
827 346 865 381 et
887 341 1051 393 vestigia
1070 353 1158 381 rara
1483 346 1561 383 405

286 414 447 453 Viribus
466 412 688 465 imparibus
712 412 840 452 fidens
868 417 1083 465 utcumque
1106 414 1239 466 peregi
1262 427 1271 454 :

284 485 509 525 Frondibus
526 489 644 536 atque
662 483 746 523 loco
769 483 890 523 simul
910 488 948 523 et
968 485 1204 536 cognomine
1224 486 1328 526 claro

284 559 459 598 Heroum
479 562 659 597 veterum
685 561 817 596 tantos
837 556 1016 596 imitatus
1035 556 1223 606 honores,

286 629 397 668 Irrita
416 640 467 668 ne
494 628 600 668 Graii
620 627 761 667 fierent
786 628 975 679 praesagia
995 628 1110 668 vatis.

285 703 398 741 Nunc
417 712 487 752 ego
509 712 591 739 non
611 699 740 739 ausim
762 710 832 738 vos
853 699 947 738 hinc
964 700 1011 739 ad
1033 699 1178 750 tristia,
1201 700 1317 750 divae,
1489 703 1566 741 410

285 771 567 823 Materiemque
588 775 740 810 trucem
764 775 854 821 post
875 775 933 809 tot
952 770 1070 810 modo
1089 770 1179 810 laeta
1208 783 1347 811 vocare
1367 786 1374 810 :

283 842 387 891 Quin
406 842 536 893 potius
557 842 673 893 longe
700 841 824 892 fugite
844 846 962 893 atque
983 842 1149 882 avertite
1170 843 1323 884 vultus.

282 916 395 954 Certe
415 925 485 964 ego
506 913 712 952 vobiscum
738 911 889 964 fugiam
910 914 1125 966 tristesque
1144 915 1325 966 querelas

282 984 460 1035 Invidiae,
481 996 690 1036 procerum
718 983 887 1034 crimen,
909 985 1148 1037 culpamque
1167 992 1330 1026 senatus

282 1060 370 1097 Non
389 1055 572 1106 referam,
600 1056 816 1108 populique
836 1055 963 1105 nefas,
990 1068 1032 1096 ac
1058 1062 1199 1109 sponte
1225 1063 1431 1110 receptum
1488 1062 1564 1099 4115

280 1127 493 1177 Exsilium,
516 1133 767 1180 mortemque
788 1128 914 1177 duciS,
935 1128 1179 1180 titulumque
1200 1128 1388 1179 dolentis,

279 1203 431 1252 Aspera
450 1211 674 1239 marmoreo
702 1199 1006 1252 subscriptaque
1030 1200 1163 1252 J'urgia
1187 1200 1321 1240 busto.

280 1274 371 1312 Haec
389 1276 615 1312 memorent
640 1271 707 1311 alii
727 1286 734 1310 :
757 1271 856 1311 mihi
878 1283 973 1311 nam
992 1272 1214 1312 certissima
1234 1285 1352 1313 mens
1372 1279 1432 1314 est

278 1345 351 1384 Hic
369 1349 519 1385 metam
537 1345 719 1396 posuisse
739 1344 864 1396 operi,
885 1345 1092 1397 patiarque
1113 1356 1186 1385 nec
1205 1357 1385 1397 unquam

279 1416 462 1457 Carmine
481 1421 563 1456 tam
583 1421 725 1456 moesto
748 1428 878 1456 sacras
897 1416 1098 1457 maculare
1121 1429 1292 1457 sorores.
1483 1421 1562 1459 420

278 1492 308 1528 O
334 1500 423 1528 mea
441 1499 523 1528 non
544 1500 665 1540 parvo
687 1487 788 1527 mihi
808 1493 1085 1528 consummata
1107 1488 1242 1529 labore

278 1561 422 1610 Africa,
444 1561 540 1600 dum
562 1560 718 1609 crescis,
743 1560 840 1599 dum
864 1564 902 1599 te
928 1560 1189 1613 relegensque
1212 1573 1454 1615 cernensque

276 1633 442 1682 Mulceo,
466 1631 770 1683 magnanimum
785 1643 893 1671 mors
909 1631 1139 1684 importuna
1155 1632 1375 1673 Robertum

277 1705 561 1757 Intempestive
582 1704 734 1744 mundo
755 1703 953 1744 subtraxit
982 1706 1130 1756 egenti,

276 1781 324 1818 Et
343 1778 443 1818 mihi
461 1782 655 1830 praerepta
679 1777 840 1829 penitus
866 1777 1076 1818 dulcedine
1105 1780 1196 1819 vitaz
1482 1783 1559 1821 4⁶25

276 1852 488 1902 Speratum
512 1849 584 1889 tibi
606 1849 747 1889 clausit
767 1849 854 1889 iter.
872 1851 956 1898 Quo
977 1850 1137 1890 tramite
1157 1862 1298 1903 perges

276 1921 446 1962 Infelix?
466 1921 695 1962 Monstrabo
720 1921 840 1961 viam.
865 1923 953 1961 Non
980 1922 1080 1962 atria
1102 1922 1211 1963 luctu

275 1993 452 2034 Turbida
472 1992 652 2043 funereo,
673 2005 755 2033 non
780 1993 909 2033 dulcia
927 1993 1068 2033 limina
1088 1995 1291 2047 quondam

275 2065 550 2117 parthenopea
568 2070 693 2117 petes.
716 2065 855 2117 Tepidi
879 2077 983 2105 nova
1001 2077 1095 2105 saxa
1120 2066 1290 2118 sepulcri

269 2137 410 2176 Tristis
431 2137 493 2176 adi
514 2136 779 2189 lacrymisque
798 2137 896 2188 riga.
919 2139 1018 2177 Cum
1043 2137 1188 2178 videris
1212 2138 1291 2178 illic
1473 2142 1554 2180 430

275 2210 483 2260 Ingentem
499 2208 640 2260 exigua
658 2220 792 2260 regem
809 2208 952 2248 tellure
966 2211 1182 2261 jacentem,

275 2281 330 2320 Te
354 2279 428 2320 sibi
446 2280 596 2320 viventi
619 2280 860 2332 promissam
885 2281 1007 2321 redde
1029 2281 1183 2333 sepulto

320 2459 394 2489 406.
421 2458 596 2499 Utrumque
615 2459 648 2490 in
669 2461 721 2491 ed.
745 2461 830 2498 aas„
852 2463 1026 2501 utcumque
1041 2461 1072 2491 in
1088 2470 1147 2492 ms.
1165 2462 1187 2492 Α
1202 2462 1330 2502 (corin).
1346 2462 1380 2501 B,
1396 2462 1430 2500 C,
1446 2462 1483 2499 D,
1500 2462 1533 2493 E.
