1865 2959
974 716 1025 759 V.

517 891 619 926 QUAE
651 891 750 921 SINT
782 892 828 921 IN
862 890 1025 921 AFRICA
1058 892 1479 927 REPREHENDENDA.

808 969 909 1005 QUAE
941 969 1200 1000 LAUDANDA.

413 1155 464 1198 In
484 1154 750 1200 universum
785 1154 1026 1199 aestimanti
1048 1153 1230 1198 difficile
1255 1154 1439 1212 quidem
1463 1154 1642 1200 videtur

353 1232 535 1291 plenam
566 1232 622 1278 de
654 1236 807 1288 Africae
837 1232 984 1277 dicere
1022 1233 1319 1285 sententiam;
1356 1233 1487 1277 nobis
1517 1234 1638 1278 enim

352 1323 457 1355 vera
479 1314 668 1356 manent
688 1324 740 1356 ea
761 1310 898 1355 verba
914 1324 1015 1369 quae
1037 1310 1274 1355 Petrarcha
1300 1311 1467 1355 amicos
1485 1310 1541 1355 ad
1559 1325 1636 1370 pa-

351 1388 556 1434 tientiam
587 1388 799 1433 hortandi
829 1402 962 1433 causa
994 1388 1239 1433 adhibebat
1265 1405 1273 1432 :
1301 1407 1323 1429 «
1345 1389 1523 1434 Nedum
1545 1390 1636 1434 Sci-

352 1483 373 1507 »
397 1466 469 1526 pio
509 1479 640 1511 meus
664 1466 720 1510 ad
757 1481 989 1510 summum
1028 1481 1131 1511 meo
1163 1466 1408 1525 perductus
1435 1472 1503 1512 est
1540 1481 1635 1511 car-

351 1563 372 1584 »
396 1545 534 1598 mine,
549 1548 593 1589 et
605 1545 751 1589 Africa
763 1545 932 1589 diutius
946 1545 1057 1589 mihi
1073 1559 1297 1604 possessa,
1312 1549 1356 1589 et
1368 1545 1635 1590 laboriosius

348 1640 370 1663 »
395 1619 572 1667 eXarata
604 1636 742 1682 quam
775 1623 960 1676 credidi,
998 1623 1204 1667 nondum
1236 1628 1387 1668 tamen
1421 1637 1632 1682 supremo

346 1718 368 1740 >›
392 1701 567 1745 sarculo
596 1700 715 1745 culta
741 1705 825 1748 est.
859 1700 1066 1745 nondum
1087 1701 1242 1759 glebas
1269 1701 1452 1745 inutiles
1479 1702 1632 1746 rastris

344 1796 365 1819 »
389 1779 559 1832 attrivi,
595 1778 801 1824 nondum
839 1778 1124 1838 superductis
1159 1779 1355 1823 cratibus
1394 1779 1630 1824 scabrioris

342 1857 518 1916 »agelli
565 1857 772 1902 cumulos
818 1858 1077 1916 coaequavi,
1125 1857 1331 1902 nondum
1367 1857 1551 1902 frondes
1587 1861 1630 1901 et

343 1935 669 1980 »luxuriantes
706 1936 944 1995 pampinos
980 1939 1024 1980 et
1059 1935 1281 1979 hirsutam
1321 1949 1475 1994 sepem
1517 1935 1629 1979 falce

342 2030 364 2053 »
388 2013 700 2072 compescui...
737 2013 992 2067 Uberrima,
1035 2013 1195 2066 fateor,
1234 2012 1395 2057 mundi
1430 2026 1531 2071 pars
1560 2018 1628 2057 est

341 2108 363 2131 »
386 2091 561 2135 Africa:
601 2092 802 2136 virorum
839 2092 1038 2150 optimus
1074 2096 1143 2135 est
1175 2091 1346 2149 Scipio,
1387 2090 1467 2135 sed
1502 2090 1627 2134 nulla

340 2187 362 2210 »
387 2170 498 2214 tanti
516 2170 598 2214 viri
619 2170 777 2224 virtus,
799 2169 923 2214 nulla
941 2169 1115 2214 telluris
1136 2172 1260 2213 tanta
1283 2168 1504 2221 fertilitas,
1523 2183 1624 2226 qua).

339 2247 575 2293 »sollicito
603 2249 774 2292 cultore
800 2262 893 2292 non
930 2251 1058 2307 egeat
1093 2246 1199 2292 (1)...
1233 2264 1254 2287 »
1290 2245 1492 2291 Necdum
1524 2260 1623 2291 mo-

375 2441 423 2483 (1)
444 2439 536 2473 Fam.
555 2448 629 2477 xm,
653 2442 689 2472 11
729 2441 776 2471 Cf.
802 2450 840 2473 ea
861 2440 980 2472 verba:

492 2523 791 2529 ......
822 2499 899 2530 Mihi
923 2498 1061 2538 paucula
1083 2498 1232 2529 carmina
1253 2497 1360 2529 Plioebi

484 2555 659 2587 Solstitiale
676 2556 771 2596 jubar
792 2557 852 2587 sub
875 2556 964 2586 tarda
987 2556 1184 2595 crepuscula
1204 2564 1289 2594 step(-
