<?xml version="1.0" encoding="UTF-8"?>
<!DOCTYPE html PUBLIC "-//W3C//DTD XHTML 1.0 Transitional//EN"
    "http://www.w3.org/TR/xhtml1/DTD/xhtml1-transitional.dtd">
<html xmlns="http://www.w3.org/1999/xhtml" xml:lang="en" lang="en">
 <head>
  <title>
</title>
<meta http-equiv="Content-Type" content="text/html;charset=utf-8" />
  <meta name='ocr-system' content='tesseract 3.04.00' />
  <meta name='ocr-capabilities' content='ocr_page ocr_carea ocr_par ocr_line ocrx_word'/>
</head>
<body>
  <div class='ocr_page' id='page_1' title='image "africa1872petr_0321.png"; bbox 0 0 1865 2959; ppageno 0'>
   <div class='ocr_carea' id='block_1_1' title="bbox 839 204 1048 239">
    <p class='ocr_par' dir='ltr' id='par_1_1' title="bbox 839 204 1048 239">
     <span class='ocr_line' id='line_1_1' title="bbox 839 204 1048 239; baseline -0.033 1"><span class='ocrx_word' id='word_1_1' title='bbox 839 225 883 231; x_wconf 89' lang='lat'>—-</span> <span class='ocrx_word' id='word_1_2' title='bbox 910 204 977 239; x_wconf 70' lang='lat'>309</span> <span class='ocrx_word' id='word_1_3' title='bbox 1005 222 1048 228; x_wconf 91' lang='lat'>—</span> 
     </span>
    </p>
   </div>
   <div class='ocr_carea' id='block_1_2' title="bbox 311 282 1433 1995">
    <p class='ocr_par' dir='ltr' id='par_1_2' title="bbox 311 282 1433 1995">
     <span class='ocr_line' id='line_1_2' title="bbox 311 282 1329 345; baseline -0.025 -3"><span class='ocrx_word' id='word_1_4' title='bbox 311 304 397 342; x_wconf 75' lang='lat' dir='ltr'>Dux</span> <span class='ocrx_word' id='word_1_5' title='bbox 422 299 556 339; x_wconf 81' lang='lat' dir='ltr'>deerat</span> <span class='ocrx_word' id='word_1_6' title='bbox 577 291 729 345; x_wconf 86' lang='lat' dir='ltr'>coeptis.</span> <span class='ocrx_word' id='word_1_7' title='bbox 752 292 836 330; x_wconf 89' lang='lat' dir='ltr'>Huc</span> <span class='ocrx_word' id='word_1_8' title='bbox 854 291 960 328; x_wconf 84' lang='lat' dir='ltr'>recto</span> <span class='ocrx_word' id='word_1_9' title='bbox 984 282 1144 324; x_wconf 78' lang='lat' dir='ltr'>tramite</span> <span class='ocrx_word' id='word_1_10' title='bbox 1170 291 1329 334; x_wconf 85' lang='lat' dir='ltr'>proram</span> 
     </span>
     <span class='ocr_line' id='line_1_3' title="bbox 311 348 1415 416; baseline -0.023 -4"><span class='ocrx_word' id='word_1_11' title='bbox 311 367 524 416; x_wconf 80' lang='lat' dir='ltr'>Hannibal,</span> <span class='ocrx_word' id='word_1_12' title='bbox 545 366 623 405; x_wconf 81' lang='lat' dir='ltr'>hue</span> <span class='ocrx_word' id='word_1_13' title='bbox 642 363 797 404; x_wconf 85' lang='lat' dir='ltr'>clavum</span> <span class='ocrx_word' id='word_1_14' title='bbox 814 359 942 412; x_wconf 81' lang='lat' dir='ltr'>jubet,</span> <span class='ocrx_word' id='word_1_15' title='bbox 961 356 1041 396; x_wconf 89' lang='lat' dir='ltr'>huc</span> <span class='ocrx_word' id='word_1_16' title='bbox 1060 359 1098 394; x_wconf 87' lang='lat' dir='ltr'>et</span> <span class='ocrx_word' id='word_1_17' title='bbox 1120 352 1282 393; x_wconf 85' lang='lat' dir='ltr'>carbasa</span> <span class='ocrx_word' id='word_1_18' title='bbox 1302 348 1415 390; x_wconf 74' lang='lat' dir='ltr'>flecti.</span> 
     </span>
     <span class='ocr_line' id='line_1_4' title="bbox 312 420 1429 490; baseline -0.021 -7"><span class='ocrx_word' id='word_1_19' title='bbox 312 446 401 484; x_wconf 84' lang='lat' dir='ltr'>Jam</span> <span class='ocrx_word' id='word_1_20' title='bbox 423 443 650 490; x_wconf 72' lang='lat' dir='ltr'><strong>Drepanum</strong></span> <span class='ocrx_word' id='word_1_21' title='bbox 671 443 852 486; x_wconf 78' lang='lat' dir='ltr'>propere,</span> <span class='ocrx_word' id='word_1_22' title='bbox 870 432 955 482; x_wconf 87' lang='lat' dir='ltr'>jam</span> <span class='ocrx_word' id='word_1_23' title='bbox 973 428 1106 467; x_wconf 84' lang='lat' dir='ltr'>littora</span> <span class='ocrx_word' id='word_1_24' title='bbox 1129 429 1226 464; x_wconf 86' lang='lat' dir='ltr'>nota</span> <span class='ocrx_word' id='word_1_25' title='bbox 1243 420 1429 463; x_wconf 77' lang='lat' dir='ltr'>Panormi</span> 
     </span>
     <span class='ocr_line' id='line_1_5' title="bbox 314 494 1412 556; baseline -0.021 -2"><span class='ocrx_word' id='word_1_26' title='bbox 314 513 557 554; x_wconf 60' lang='lat' dir='ltr'>Praetereunt</span> <span class='ocrx_word' id='word_1_27' title='bbox 576 515 796 556; x_wconf 81' lang='lat' dir='ltr'>curvosque</span> <span class='ocrx_word' id='word_1_28' title='bbox 818 502 946 551; x_wconf 83' lang='lat' dir='ltr'>sinus,</span> <span class='ocrx_word' id='word_1_29' title='bbox 967 498 1230 550; x_wconf 77' lang='lat' dir='ltr'>Zephyroque</span> <span class='ocrx_word' id='word_1_30' title='bbox 1253 494 1412 534; x_wconf 87' lang='lat' dir='ltr'>favente</span> 
     </span>
     <span class='ocr_line' id='line_1_6' title="bbox 314 564 1407 630; baseline -0.021 -6"><span class='ocrx_word' id='word_1_31' title='bbox 314 583 536 624; x_wconf 84' lang='lat' dir='ltr'>Vulcanum</span> <span class='ocrx_word' id='word_1_32' title='bbox 557 577 810 630; x_wconf 85' lang='lat' dir='ltr'>Liparimque</span> <span class='ocrx_word' id='word_1_33' title='bbox 832 576 980 620; x_wconf 83' lang='lat' dir='ltr'>secant,</span> <span class='ocrx_word' id='word_1_34' title='bbox 1002 569 1242 619; x_wconf 87' lang='lat' dir='ltr'>fumumque</span> <span class='ocrx_word' id='word_1_35' title='bbox 1262 564 1407 604; x_wconf 85' lang='lat' dir='ltr'>favillis</span> 
     </span>
     <span class='ocr_line' id='line_1_7' title="bbox 316 639 1433 707; baseline -0.021 -11"><span class='ocrx_word' id='word_1_36' title='bbox 316 656 546 707; x_wconf 79' lang='lat' dir='ltr'>Nigrantem</span> <span class='ocrx_word' id='word_1_37' title='bbox 565 646 760 690; x_wconf 87' lang='lat' dir='ltr'>horrificis</span> <span class='ocrx_word' id='word_1_38' title='bbox 778 644 1063 697; x_wconf 80' lang='lat' dir='ltr'>geminumque</span> <span class='ocrx_word' id='word_1_39' title='bbox 1088 639 1225 679; x_wconf 87' lang='lat' dir='ltr'>ardere</span> <span class='ocrx_word' id='word_1_40' title='bbox 1244 647 1433 676; x_wconf 89' lang='lat' dir='ltr'>cacumen</span> 
     </span>
     <span class='ocr_line' id='line_1_8' title="bbox 318 707 1380 778; baseline -0.021 -10"><span class='ocrx_word' id='word_1_41' title='bbox 318 724 549 778; x_wconf 88' lang='lat' dir='ltr'>Suspiciunt</span> <span class='ocrx_word' id='word_1_42' title='bbox 567 719 717 774; x_wconf 87' lang='lat' dir='ltr'>pavidi,</span> <span class='ocrx_word' id='word_1_43' title='bbox 736 717 972 769; x_wconf 77' lang='lat' dir='ltr'>fugiuntque</span> <span class='ocrx_word' id='word_1_44' title='bbox 989 710 1225 765; x_wconf 69' lang='lat' dir='ltr'>juvantibus</span> <span class='ocrx_word' id='word_1_45' title='bbox 1245 707 1380 748; x_wconf 83' lang='lat' dir='ltr'>undis.</span> 
     </span>
     <span class='ocr_line' id='line_1_9' title="bbox 318 780 1395 840; baseline -0.02 -1"><span class='ocrx_word' id='word_1_46' title='bbox 318 801 387 840; x_wconf 87' lang='lat' dir='ltr'>Est</span> <span class='ocrx_word' id='word_1_47' title='bbox 407 797 519 837; x_wconf 84' lang='lat' dir='ltr'>sinus</span> <span class='ocrx_word' id='word_1_48' title='bbox 539 793 720 834; x_wconf 84' lang='lat' dir='ltr'>Italicum</span> <span class='ocrx_word' id='word_1_49' title='bbox 742 790 848 830; x_wconf 82' lang='lat' dir='ltr'>latus</span> <span class='ocrx_word' id='word_1_50' title='bbox 864 787 969 827; x_wconf 84' lang='lat' dir='ltr'>inter</span> <span class='ocrx_word' id='word_1_51' title='bbox 991 789 1028 825; x_wconf 87' lang='lat' dir='ltr'>et</span> <span class='ocrx_word' id='word_1_52' title='bbox 1048 794 1141 824; x_wconf 86' lang='lat' dir='ltr'>arva</span> <span class='ocrx_word' id='word_1_53' title='bbox 1160 780 1395 834; x_wconf 78' lang='lat' dir='ltr'>propinquae</span> 
     </span>
     <span class='ocr_line' id='line_1_10' title="bbox 319 856 1252 915; baseline -0.021 -4"><span class='ocrx_word' id='word_1_54' title='bbox 319 867 532 911; x_wconf 62' lang='lat' dir='ltr'>Trinacria}</span> <span class='ocrx_word' id='word_1_55' title='bbox 550 865 690 906; x_wconf 81' lang='lat' dir='ltr'>solitus</span> <span class='ocrx_word' id='word_1_56' title='bbox 710 865 934 915; x_wconf 79' lang='lat' dir='ltr'>spectantes</span> <span class='ocrx_word' id='word_1_57' title='bbox 955 856 1088 897; x_wconf 81' lang='lat' dir='ltr'>fallere</span> <span class='ocrx_word' id='word_1_58' title='bbox 1109 858 1252 894; x_wconf 77' lang='lat' dir='ltr'>nautas</span> 
     </span>
     <span class='ocr_line' id='line_1_11' title="bbox 319 928 1292 984; baseline -0.022 -1"><span class='ocrx_word' id='word_1_59' title='bbox 319 943 488 984; x_wconf 89' lang='lat' dir='ltr'>Eminus</span> <span class='ocrx_word' id='word_1_60' title='bbox 513 939 633 979; x_wconf 87' lang='lat' dir='ltr'>unius</span> <span class='ocrx_word' id='word_1_61' title='bbox 658 948 701 977; x_wconf 86' lang='lat' dir='ltr'>ac</span> <span class='ocrx_word' id='word_1_62' title='bbox 719 934 859 974; x_wconf 85' lang='lat' dir='ltr'>faeiem</span> <span class='ocrx_word' id='word_1_63' title='bbox 885 928 1122 983; x_wconf 86' lang='lat' dir='ltr'>protendere</span> <span class='ocrx_word' id='word_1_64' title='bbox 1149 930 1292 974; x_wconf 80' lang='lat' dir='ltr'>terrae3</span> 
     </span>
     <span class='ocr_line' id='line_1_12' title="bbox 321 998 1247 1056; baseline -0.024 0"><span class='ocrx_word' id='word_1_65' title='bbox 321 1012 497 1056; x_wconf 80' lang='lat' dir='ltr'>Abstulit</span> <span class='ocrx_word' id='word_1_66' title='bbox 516 1011 557 1050; x_wconf 83' lang='lat' dir='ltr'>id</span> <span class='ocrx_word' id='word_1_67' title='bbox 576 1008 743 1049; x_wconf 85' lang='lat' dir='ltr'>dubium</span> <span class='ocrx_word' id='word_1_68' title='bbox 765 1005 890 1045; x_wconf 85' lang='lat' dir='ltr'>donee</span> <span class='ocrx_word' id='word_1_69' title='bbox 916 998 1130 1052; x_wconf 55' lang='lat' dir='ltr'>longaevior</span> <span class='ocrx_word' id='word_1_70' title='bbox 1151 1008 1247 1036; x_wconf 83' lang='lat' dir='ltr'>usus</span> 
     </span>
     <span class='ocr_line' id='line_1_13' title="bbox 323 1072 1254 1131; baseline -0.023 -4"><span class='ocrx_word' id='word_1_71' title='bbox 323 1084 533 1131; x_wconf 81' lang='lat' dir='ltr'>Paulatim,</span> <span class='ocrx_word' id='word_1_72' title='bbox 557 1091 651 1121; x_wconf 86' lang='lat' dir='ltr'>nam</span> <span class='ocrx_word' id='word_1_73' title='bbox 670 1076 853 1128; x_wconf 77' lang='lat' dir='ltr'>contiguo</span> <span class='ocrx_word' id='word_1_74' title='bbox 882 1074 960 1113; x_wconf 86' lang='lat' dir='ltr'>duo</span> <span class='ocrx_word' id='word_1_75' title='bbox 976 1072 1110 1111; x_wconf 86' lang='lat' dir='ltr'>littora</span> <span class='ocrx_word' id='word_1_76' title='bbox 1126 1072 1254 1108; x_wconf 84' lang='lat' dir='ltr'>tractu</span> 
     </span>
     <span class='ocr_line' id='line_1_14' title="bbox 326 1142 1355 1200; baseline -0.023 -1"><span class='ocrx_word' id='word_1_77' title='bbox 326 1155 479 1199; x_wconf 81' lang='lat' dir='ltr'>Dixeris</span> <span class='ocrx_word' id='word_1_78' title='bbox 498 1154 663 1200; x_wconf 58' lang='lat' dir='ltr'>haerere,</span> <span class='ocrx_word' id='word_1_79' title='bbox 687 1154 725 1189; x_wconf 81' lang='lat' dir='ltr'>et</span> <span class='ocrx_word' id='word_1_80' title='bbox 743 1146 922 1200; x_wconf 80' lang='lat' dir='ltr'>geminos</span> <span class='ocrx_word' id='word_1_81' title='bbox 945 1155 985 1183; x_wconf 90' lang='lat' dir='ltr'>se</span> <span class='ocrx_word' id='word_1_82' title='bbox 1002 1147 1164 1193; x_wconf 74' lang='lat' dir='ltr'>tangere</span> <span class='ocrx_word' id='word_1_83' title='bbox 1182 1142 1355 1179; x_wconf 78' lang='lat' dir='ltr'>montes.</span> 
     </span>
     <span class='ocr_line' id='line_1_15' title="bbox 327 1208 1386 1279; baseline -0.023 -10"><span class='ocrx_word' id='word_1_84' title='bbox 327 1228 439 1278; x_wconf 84' lang='lat' dir='ltr'>Quod</span> <span class='ocrx_word' id='word_1_85' title='bbox 465 1224 668 1279; x_wconf 84' lang='lat' dir='ltr'>quondam</span> <span class='ocrx_word' id='word_1_86' title='bbox 688 1220 827 1261; x_wconf 81' lang='lat' dir='ltr'>fecisse</span> <span class='ocrx_word' id='word_1_87' title='bbox 846 1216 994 1264; x_wconf 83' lang='lat' dir='ltr'>ferunt,</span> <span class='ocrx_word' id='word_1_88' title='bbox 1016 1214 1095 1253; x_wconf 86' lang='lat' dir='ltr'>huc</span> <span class='ocrx_word' id='word_1_89' title='bbox 1114 1210 1202 1251; x_wconf 87' lang='lat' dir='ltr'>vela</span> <span class='ocrx_word' id='word_1_90' title='bbox 1225 1208 1386 1249; x_wconf 81' lang='lat' dir='ltr'>Pelorus</span> 
     </span>
     <span class='ocr_line' id='line_1_16' title="bbox 329 1278 1430 1346; baseline -0.023 -5"><span class='ocrx_word' id='word_1_91' title='bbox 329 1304 406 1341; x_wconf 89' lang='lat' dir='ltr'>Seu</span> <span class='ocrx_word' id='word_1_92' title='bbox 428 1309 521 1339; x_wconf 87' lang='lat' dir='ltr'>casu</span> <span class='ocrx_word' id='word_1_93' title='bbox 546 1307 615 1336; x_wconf 90' lang='lat' dir='ltr'>seu</span> <span class='ocrx_word' id='word_1_94' title='bbox 635 1296 776 1346; x_wconf 81' lang='lat' dir='ltr'>sponte</span> <span class='ocrx_word' id='word_1_95' title='bbox 800 1288 934 1338; x_wconf 84' lang='lat' dir='ltr'>dabat,</span> <span class='ocrx_word' id='word_1_96' title='bbox 958 1295 1132 1336; x_wconf 85' lang='lat' dir='ltr'>namque</span> <span class='ocrx_word' id='word_1_97' title='bbox 1151 1282 1217 1322; x_wconf 89' lang='lat' dir='ltr'>ille</span> <span class='ocrx_word' id='word_1_98' title='bbox 1238 1278 1430 1331; x_wconf 80' lang='lat' dir='ltr'>magister</span> 
     </span>
     <span class='ocr_line' id='line_1_17' title="bbox 331 1354 1393 1424; baseline -0.022 -12"><span class='ocrx_word' id='word_1_99' title='bbox 331 1370 478 1424; x_wconf 85' lang='lat' dir='ltr'>Puppis</span> <span class='ocrx_word' id='word_1_100' title='bbox 501 1372 608 1416; x_wconf 88' lang='lat' dir='ltr'>erat;</span> <span class='ocrx_word' id='word_1_101' title='bbox 630 1363 766 1405; x_wconf 86' lang='lat' dir='ltr'>timuit</span> <span class='ocrx_word' id='word_1_102' title='bbox 787 1360 970 1402; x_wconf 83' lang='lat' dir='ltr'>fraudem</span> <span class='ocrx_word' id='word_1_103' title='bbox 990 1358 1071 1398; x_wconf 76' lang='lat' dir='ltr'>dux</span> <span class='ocrx_word' id='word_1_104' title='bbox 1092 1354 1274 1402; x_wconf 85' lang='lat' dir='ltr'>callidus,</span> <span class='ocrx_word' id='word_1_105' title='bbox 1293 1356 1331 1392; x_wconf 92' lang='lat' dir='ltr'>et</span> <span class='ocrx_word' id='word_1_106' title='bbox 1351 1362 1393 1390; x_wconf 90' lang='lat' dir='ltr'>se</span> 
     </span>
     <span class='ocr_line' id='line_1_18' title="bbox 331 1428 1287 1495; baseline -0.023 -11"><span class='ocrx_word' id='word_1_107' title='bbox 331 1444 542 1495; x_wconf 84' lang='lat' dir='ltr'>Objectum</span> <span class='ocrx_word' id='word_1_108' title='bbox 563 1442 672 1478; x_wconf 86' lang='lat' dir='ltr'>ratus</span> <span class='ocrx_word' id='word_1_109' title='bbox 688 1433 862 1482; x_wconf 83' lang='lat' dir='ltr'>insidiis,</span> <span class='ocrx_word' id='word_1_110' title='bbox 884 1431 942 1471; x_wconf 88' lang='lat' dir='ltr'>nil</span> <span class='ocrx_word' id='word_1_111' title='bbox 962 1429 1038 1470; x_wconf 84' lang='lat' dir='ltr'>tale</span> <span class='ocrx_word' id='word_1_112' title='bbox 1063 1428 1287 1468; x_wconf 88' lang='lat' dir='ltr'>merentem</span> 
     </span>
     <span class='ocr_line' id='line_1_19' title="bbox 332 1493 1389 1561; baseline -0.022 -5"><span class='ocrx_word' id='word_1_113' title='bbox 332 1515 565 1561; x_wconf 81' lang='lat' dir='ltr'>Obtruncat,</span> <span class='ocrx_word' id='word_1_114' title='bbox 602 1508 813 1559; x_wconf 89' lang='lat' dir='ltr'>subitoque</span> <span class='ocrx_word' id='word_1_115' title='bbox 834 1514 1009 1545; x_wconf 86' lang='lat' dir='ltr'>errorem</span> <span class='ocrx_word' id='word_1_116' title='bbox 1029 1499 1204 1552; x_wconf 77' lang='lat' dir='ltr'>agnovit,</span> <span class='ocrx_word' id='word_1_117' title='bbox 1226 1501 1265 1536; x_wconf 85' lang='lat' dir='ltr'>et</span> <span class='ocrx_word' id='word_1_118' title='bbox 1289 1493 1389 1535; x_wconf 88' lang='lat' dir='ltr'>aeris</span> 
     </span>
     <span class='ocr_line' id='line_1_20' title="bbox 334 1570 1254 1628; baseline -0.022 0"><span class='ocrx_word' id='word_1_119' title='bbox 334 1585 523 1628; x_wconf 82' lang='lat' dir='ltr'>Poenituit</span> <span class='ocrx_word' id='word_1_120' title='bbox 543 1581 649 1623; x_wconf 82' lang='lat' dir='ltr'>faeti.</span> <span class='ocrx_word' id='word_1_121' title='bbox 672 1578 802 1620; x_wconf 83' lang='lat' dir='ltr'>Siculo</span> <span class='ocrx_word' id='word_1_122' title='bbox 824 1582 911 1617; x_wconf 88' lang='lat' dir='ltr'>tum</span> <span class='ocrx_word' id='word_1_123' title='bbox 931 1577 1068 1614; x_wconf 86' lang='lat' dir='ltr'>monte</span> <span class='ocrx_word' id='word_1_124' title='bbox 1087 1570 1254 1612; x_wconf 85' lang='lat' dir='ltr'>cadaver</span> 
     </span>
     <span class='ocr_line' id='line_1_21' title="bbox 334 1642 1395 1712; baseline -0.022 -12"><span class='ocrx_word' id='word_1_125' title='bbox 334 1657 539 1712; x_wconf 81' lang='lat' dir='ltr'>Deposuit,</span> <span class='ocrx_word' id='word_1_126' title='bbox 558 1655 804 1704; x_wconf 85' lang='lat' dir='ltr'>bustumque</span> <span class='ocrx_word' id='word_1_127' title='bbox 825 1660 944 1701; x_wconf 87' lang='lat' dir='ltr'>super</span> <span class='ocrx_word' id='word_1_128' title='bbox 965 1642 1202 1691; x_wconf 79' lang='lat' dir='ltr'>construxit,</span> <span class='ocrx_word' id='word_1_129' title='bbox 1227 1645 1265 1681; x_wconf 86' lang='lat' dir='ltr'>et</span> <span class='ocrx_word' id='word_1_130' title='bbox 1284 1649 1395 1680; x_wconf 84' lang='lat' dir='ltr'>aram</span> 
     </span>
     <span class='ocr_line' id='line_1_22' title="bbox 335 1709 1430 1778; baseline -0.022 -6"><span class='ocrx_word' id='word_1_131' title='bbox 335 1729 514 1778; x_wconf 83' lang='lat' dir='ltr'>Addidit,</span> <span class='ocrx_word' id='word_1_132' title='bbox 537 1740 580 1767; x_wconf 88' lang='lat' dir='ltr'>ac</span> <span class='ocrx_word' id='word_1_133' title='bbox 606 1730 778 1766; x_wconf 82' lang='lat' dir='ltr'>statuam</span> <span class='ocrx_word' id='word_1_134' title='bbox 800 1730 1019 1762; x_wconf 81' lang='lat' dir='ltr'>memorem</span> <span class='ocrx_word' id='word_1_135' title='bbox 1040 1725 1269 1766; x_wconf 87' lang='lat' dir='ltr'>nomenque</span> <span class='ocrx_word' id='word_1_136' title='bbox 1286 1709 1430 1762; x_wconf 86' lang='lat' dir='ltr'>sepulti</span> 
     </span>
     <span class='ocr_line' id='line_1_23' title="bbox 337 1782 1413 1847; baseline -0.021 -3"><span class='ocrx_word' id='word_1_137' title='bbox 337 1806 451 1845; x_wconf 87' lang='lat' dir='ltr'>Nunc</span> <span class='ocrx_word' id='word_1_138' title='bbox 470 1801 589 1841; x_wconf 85' lang='lat' dir='ltr'>etiam</span> <span class='ocrx_word' id='word_1_139' title='bbox 611 1808 728 1838; x_wconf 89' lang='lat' dir='ltr'>mons</span> <span class='ocrx_word' id='word_1_140' title='bbox 748 1795 833 1847; x_wconf 89' lang='lat' dir='ltr'>ipse</span> <span class='ocrx_word' id='word_1_141' title='bbox 852 1796 961 1832; x_wconf 85' lang='lat' dir='ltr'>tenet</span> <span class='ocrx_word' id='word_1_142' title='bbox 986 1798 1221 1841; x_wconf 85' lang='lat' dir='ltr'>semperque</span> <span class='ocrx_word' id='word_1_143' title='bbox 1247 1782 1413 1824; x_wconf 83' lang='lat' dir='ltr'>tenebit.</span> 
     </span>
     <span class='ocr_line' id='line_1_24' title="bbox 340 1859 1303 1921; baseline -0.022 -5"><span class='ocrx_word' id='word_1_144' title='bbox 340 1873 535 1916; x_wconf 84' lang='lat' dir='ltr'>Faucibus</span> <span class='ocrx_word' id='word_1_145' title='bbox 554 1879 760 1921; x_wconf 79' lang='lat' dir='ltr'>emergens</span> <span class='ocrx_word' id='word_1_146' title='bbox 786 1864 916 1906; x_wconf 82' lang='lat' dir='ltr'>dubiis</span> <span class='ocrx_word' id='word_1_147' title='bbox 935 1862 1030 1903; x_wconf 85' lang='lat' dir='ltr'>ratis</span> <span class='ocrx_word' id='word_1_148' title='bbox 1049 1859 1173 1912; x_wconf 88' lang='lat' dir='ltr'>impia</span> <span class='ocrx_word' id='word_1_149' title='bbox 1191 1860 1303 1897; x_wconf 86' lang='lat' dir='ltr'>vasto</span> 
     </span>
     <span class='ocr_line' id='line_1_25' title="bbox 342 1925 1390 1995; baseline -0.022 -7"><span class='ocrx_word' id='word_1_150' title='bbox 342 1947 476 1989; x_wconf 84' lang='lat' dir='ltr'>Suleat</span> <span class='ocrx_word' id='word_1_151' title='bbox 495 1945 570 1985; x_wconf 86' lang='lat' dir='ltr'>iter</span> <span class='ocrx_word' id='word_1_152' title='bbox 590 1941 740 1995; x_wconf 79' lang='lat' dir='ltr'>pelago.</span> <span class='ocrx_word' id='word_1_153' title='bbox 764 1935 965 1990; x_wconf 82' lang='lat' dir='ltr'>Cephalon</span> <span class='ocrx_word' id='word_1_154' title='bbox 986 1933 1093 1986; x_wconf 83' lang='lat' dir='ltr'>prior</span> <span class='ocrx_word' id='word_1_155' title='bbox 1114 1929 1231 1971; x_wconf 87' lang='lat' dir='ltr'>obvia</span> <span class='ocrx_word' id='word_1_156' title='bbox 1249 1925 1390 1978; x_wconf 81' lang='lat' dir='ltr'>surgit,</span> 
     </span>
    </p>
   </div>
   <div class='ocr_carea' id='block_1_3' title="bbox 391 2130 1219 2176">
    <p class='ocr_par' dir='ltr' id='par_1_3' title="bbox 391 2130 1219 2176">
     <span class='ocr_line' id='line_1_26' title="bbox 391 2130 1219 2176; baseline -0.023 0"><span class='ocrx_word' id='word_1_157' title='bbox 391 2146 465 2176; x_wconf 81' lang='lat'>308.</span> <span class='ocrx_word' id='word_1_158' title='bbox 488 2143 583 2175; x_wconf 75' lang='lat' dir='ltr'>Retro</span> <span class='ocrx_word' id='word_1_159' title='bbox 604 2140 634 2171; x_wconf 82' lang='lat' dir='ltr'>in</span> <span class='ocrx_word' id='word_1_160' title='bbox 656 2139 708 2170; x_wconf 85' lang='lat' dir='ltr'>ed.</span> <span class='ocrx_word' id='word_1_161' title='bbox 732 2138 820 2173; x_wconf 65' lang='lat' dir='ltr'>Bas,</span> <span class='ocrx_word' id='word_1_162' title='bbox 839 2137 923 2165; x_wconf 74' lang='lat' dir='ltr'>rec-lo</span> <span class='ocrx_word' id='word_1_163' title='bbox 946 2133 975 2163; x_wconf 83' lang='grc'>111</span> <span class='ocrx_word' id='word_1_164' title='bbox 994 2130 1143 2162; x_wconf 83' lang='lat' dir='ltr'>omnibus</span> <span class='ocrx_word' id='word_1_165' title='bbox 1158 2136 1219 2158; x_wconf 85' lang='lat' dir='ltr'>ms.</span> 
     </span>
    </p>
   </div>
   <div class='ocr_carea' id='block_1_4' title="bbox 391 2178 1484 2240">
    <p class='ocr_par' dir='ltr' id='par_1_4' title="bbox 391 2178 1484 2240">
     <span class='ocr_line' id='line_1_27' title="bbox 391 2178 1484 2240; baseline -0.024 -7"><span class='ocrx_word' id='word_1_166' title='bbox 391 2203 466 2232; x_wconf 59' lang='lat'>314.</span> <span class='ocrx_word' id='word_1_167' title='bbox 486 2198 626 2240; x_wconf 76' lang='lat' dir='ltr'>Fuqz&#39;unt</span> <span class='ocrx_word' id='word_1_168' title='bbox 648 2196 678 2226; x_wconf 83' lang='lat' dir='ltr'>in</span> <span class='ocrx_word' id='word_1_169' title='bbox 700 2195 751 2226; x_wconf 88' lang='lat' dir='ltr'>ed.</span> <span class='ocrx_word' id='word_1_170' title='bbox 777 2194 865 2227; x_wconf 82' lang='lat' dir='ltr'>Bas.,</span> <span class='ocrx_word' id='word_1_171' title='bbox 883 2190 1073 2231; x_wconf 64' lang='lat' dir='ltr'>suffiuntque</span> <span class='ocrx_word' id='word_1_172' title='bbox 1094 2186 1125 2217; x_wconf 89' lang='lat' dir='ltr'>in</span> <span class='ocrx_word' id='word_1_173' title='bbox 1147 2194 1207 2216; x_wconf 74' lang='lat' dir='ltr'>mS.</span> <span class='ocrx_word' id='word_1_174' title='bbox 1224 2184 1260 2220; x_wconf 76' lang='lat' dir='ltr'>A,</span> <span class='ocrx_word' id='word_1_175' title='bbox 1282 2183 1318 2219; x_wconf 74' lang='lat' dir='ltr'>R,</span> <span class='ocrx_word' id='word_1_176' title='bbox 1341 2182 1376 2219; x_wconf 68' lang='grc' dir='ltr'>(ἶ,</span> <span class='ocrx_word' id='word_1_177' title='bbox 1393 2180 1427 2217; x_wconf 78' lang='lat'>1),</span> <span class='ocrx_word' id='word_1_178' title='bbox 1451 2178 1484 2208; x_wconf 90' lang='lat' dir='ltr'>E.</span> 
     </span>
    </p>
   </div>
   <div class='ocr_carea' id='block_1_5' title="bbox 390 2242 1469 2517">
    <p class='ocr_par' dir='ltr' id='par_1_5' title="bbox 390 2242 1254 2289">
     <span class='ocr_line' id='line_1_28' title="bbox 390 2242 1254 2289; baseline -0.022 0"><span class='ocrx_word' id='word_1_179' title='bbox 390 2260 465 2289; x_wconf 49' lang='lat'>315,</span> <span class='ocrx_word' id='word_1_180' title='bbox 487 2255 528 2288; x_wconf 79' lang='lat' dir='ltr'>Ec</span> <span class='ocrx_word' id='word_1_181' title='bbox 549 2255 579 2285; x_wconf 89' lang='lat' dir='ltr'>in</span> <span class='ocrx_word' id='word_1_182' title='bbox 601 2255 651 2285; x_wconf 86' lang='lat' dir='ltr'>ed.</span> <span class='ocrx_word' id='word_1_183' title='bbox 674 2253 762 2288; x_wconf 65' lang='lat' dir='ltr'>Bas,</span> <span class='ocrx_word' id='word_1_184' title='bbox 784 2248 883 2281; x_wconf 79' lang='lat' dir='ltr'>estin</span> <span class='ocrx_word' id='word_1_185' title='bbox 907 2256 967 2277; x_wconf 80' lang='lat' dir='ltr'>ms.</span> <span class='ocrx_word' id='word_1_186' title='bbox 985 2246 1024 2282; x_wconf 84' lang='lat' dir='ltr'>A,</span> <span class='ocrx_word' id='word_1_187' title='bbox 1045 2244 1082 2281; x_wconf 91' lang='lat' dir='ltr'>B,</span> <span class='ocrx_word' id='word_1_188' title='bbox 1104 2243 1138 2278; x_wconf 79' lang='lat' dir='ltr'>C,</span> <span class='ocrx_word' id='word_1_189' title='bbox 1161 2243 1198 2278; x_wconf 83' lang='lat' dir='ltr'>D,</span> <span class='ocrx_word' id='word_1_190' title='bbox 1220 2242 1254 2271; x_wconf 87' lang='lat' dir='ltr'>F.</span> 
     </span>
    </p>

    <p class='ocr_par' dir='ltr' id='par_1_6' title="bbox 391 2298 1250 2345">
     <span class='ocr_line' id='line_1_29' title="bbox 391 2298 1250 2345; baseline -0.023 1"><span class='ocrx_word' id='word_1_191' title='bbox 391 2316 469 2345; x_wconf 72' lang='lat'><strong>317.</strong></span> <span class='ocrx_word' id='word_1_192' title='bbox 487 2313 530 2343; x_wconf 79' lang='lat' dir='ltr'>Ea</span> <span class='ocrx_word' id='word_1_193' title='bbox 549 2311 646 2343; x_wconf 80' lang='lat' dir='ltr'>verba</span> <span class='ocrx_word' id='word_1_194' title='bbox 662 2309 788 2341; x_wconf 71' lang='lat' dir='ltr'>eminus</span> <span class='ocrx_word' id='word_1_195' title='bbox 803 2306 897 2337; x_wconf 77' lang='lat' dir='ltr'>unius</span> <span class='ocrx_word' id='word_1_196' title='bbox 917 2303 1036 2334; x_wconf 80' lang='lat' dir='ltr'>desunt</span> <span class='ocrx_word' id='word_1_197' title='bbox 1055 2300 1087 2330; x_wconf 87' lang='grc'>111</span> <span class='ocrx_word' id='word_1_198' title='bbox 1108 2299 1160 2330; x_wconf 65' lang='lat' dir='ltr'>etl.</span> <span class='ocrx_word' id='word_1_199' title='bbox 1178 2298 1250 2328; x_wconf 79' lang='lat' dir='ltr'>Bas.</span> 
     </span>
    </p>

    <p class='ocr_par' dir='ltr' id='par_1_7' title="bbox 393 2350 1469 2458">
     <span class='ocr_line' id='line_1_30' title="bbox 393 2350 1469 2402; baseline -0.022 1"><span class='ocrx_word' id='word_1_200' title='bbox 393 2373 469 2402; x_wconf 84' lang='lat'><strong>319.</strong></span> <span class='ocrx_word' id='word_1_201' title='bbox 490 2368 648 2402; x_wconf 79' lang='lat' dir='ltr'>Continuo</span> <span class='ocrx_word' id='word_1_202' title='bbox 670 2366 702 2397; x_wconf 88' lang='lat' dir='ltr'>in</span> <span class='ocrx_word' id='word_1_203' title='bbox 724 2365 774 2395; x_wconf 83' lang='lat' dir='ltr'>ed.</span> <span class='ocrx_word' id='word_1_204' title='bbox 799 2364 885 2398; x_wconf 59' lang='lat' dir='ltr'>Bas„</span> <span class='ocrx_word' id='word_1_205' title='bbox 903 2359 1053 2399; x_wconf 75' lang='lat' dir='ltr'>comique</span> <span class='ocrx_word' id='word_1_206' title='bbox 1074 2356 1107 2387; x_wconf 87' lang='lat' dir='ltr'>in</span> <span class='ocrx_word' id='word_1_207' title='bbox 1129 2364 1191 2386; x_wconf 85' lang='lat' dir='ltr'>ms.</span> <span class='ocrx_word' id='word_1_208' title='bbox 1211 2354 1246 2391; x_wconf 84' lang='lat' dir='ltr'>B,</span> <span class='ocrx_word' id='word_1_209' title='bbox 1268 2353 1302 2390; x_wconf 78' lang='lat' dir='ltr'>C,</span> <span class='ocrx_word' id='word_1_210' title='bbox 1324 2353 1360 2389; x_wconf 88' lang='lat' dir='ltr'>D,</span> <span class='ocrx_word' id='word_1_211' title='bbox 1383 2350 1417 2387; x_wconf 81' lang='lat' dir='ltr'>E,</span> <span class='ocrx_word' id='word_1_212' title='bbox 1434 2350 1469 2380; x_wconf 81' lang='lat' dir='ltr'>F.</span> 
     </span>
     <span class='ocr_line' id='line_1_31' title="bbox 395 2412 1281 2458; baseline -0.021 1"><span class='ocrx_word' id='word_1_213' title='bbox 395 2429 469 2458; x_wconf 65' lang='lat'>328.</span> <span class='ocrx_word' id='word_1_214' title='bbox 486 2425 584 2458; x_wconf 80' lang='lat' dir='ltr'>Addit</span> <span class='ocrx_word' id='word_1_215' title='bbox 606 2424 636 2454; x_wconf 87' lang='grc'>111</span> <span class='ocrx_word' id='word_1_216' title='bbox 657 2423 709 2454; x_wconf 86' lang='lat' dir='ltr'>ed.</span> <span class='ocrx_word' id='word_1_217' title='bbox 733 2422 822 2456; x_wconf 55' lang='lat' dir='ltr'>Bas,</span> <span class='ocrx_word' id='word_1_218' title='bbox 844 2417 971 2449; x_wconf 76' lang='lat' dir='ltr'>addidit</span> <span class='ocrx_word' id='word_1_219' title='bbox 995 2415 1027 2446; x_wconf 86' lang='lat' dir='ltr'>in</span> <span class='ocrx_word' id='word_1_220' title='bbox 1048 2412 1203 2444; x_wconf 84' lang='lat' dir='ltr'>omnibus</span> <span class='ocrx_word' id='word_1_221' title='bbox 1220 2420 1281 2442; x_wconf 87' lang='lat' dir='ltr'>ms.</span> 
     </span>
    </p>

    <p class='ocr_par' dir='ltr' id='par_1_8' title="bbox 396 2471 1228 2517">
     <span class='ocr_line' id='line_1_32' title="bbox 396 2471 1228 2517; baseline -0.023 0"><span class='ocrx_word' id='word_1_222' title='bbox 396 2487 471 2516; x_wconf 65' lang='lat'>329.</span> <span class='ocrx_word' id='word_1_223' title='bbox 493 2483 569 2517; x_wconf 73' lang='lat' dir='ltr'>Mox</span> <span class='ocrx_word' id='word_1_224' title='bbox 589 2481 623 2513; x_wconf 89' lang='lat' dir='ltr'>in</span> <span class='ocrx_word' id='word_1_225' title='bbox 643 2480 697 2512; x_wconf 83' lang='lat' dir='ltr'>ed.</span> <span class='ocrx_word' id='word_1_226' title='bbox 716 2479 805 2516; x_wconf 59' lang='lat' dir='ltr'>Bas„</span> <span class='ocrx_word' id='word_1_227' title='bbox 826 2484 918 2508; x_wconf 84' lang='lat' dir='ltr'>mons</span> <span class='ocrx_word' id='word_1_228' title='bbox 938 2474 969 2505; x_wconf 87' lang='grc'>111</span> <span class='ocrx_word' id='word_1_229' title='bbox 990 2471 1144 2504; x_wconf 87' lang='lat' dir='ltr'>omnibus</span> <span class='ocrx_word' id='word_1_230' title='bbox 1165 2477 1228 2500; x_wconf 82' lang='lat' dir='ltr'>ms.</span> 
     </span>
    </p>
   </div>
   <div class='ocr_carea' id='block_1_6' title="bbox 1511 420 1587 459">
    <p class='ocr_par' dir='ltr' id='par_1_9' title="bbox 1511 420 1587 459">
     <span class='ocr_line' id='line_1_33' title="bbox 1511 420 1587 459; baseline -0.013 -3"><span class='ocrx_word' id='word_1_231' title='bbox 1511 420 1587 459; x_wconf 79' lang='lat'>310</span> 
     </span>
    </p>
   </div>
   <div class='ocr_carea' id='block_1_7' title="bbox 1518 777 1594 815">
    <p class='ocr_par' dir='ltr' id='par_1_10' title="bbox 1518 777 1594 815">
     <span class='ocr_line' id='line_1_34' title="bbox 1518 777 1594 815; baseline -0.013 0"><span class='ocrx_word' id='word_1_232' title='bbox 1518 777 1594 815; x_wconf 75' lang='lat'>315</span> 
     </span>
    </p>
   </div>
   <div class='ocr_carea' id='block_1_8' title="bbox 1530 1492 1607 1531">
    <p class='ocr_par' dir='ltr' id='par_1_11' title="bbox 1530 1492 1607 1531">
     <span class='ocr_line' id='line_1_35' title="bbox 1530 1492 1607 1531; baseline 0.026 -4"><span class='ocrx_word' id='word_1_233' title='bbox 1530 1492 1607 1531; x_wconf 68' lang='lat'>325</span> 
     </span>
    </p>
   </div>
   <div class='ocr_carea' id='block_1_9' title="bbox 1538 1850 1615 1889">
    <p class='ocr_par' dir='ltr' id='par_1_12' title="bbox 1538 1850 1615 1889">
     <span class='ocr_line' id='line_1_36' title="bbox 1538 1850 1615 1889; baseline -0.026 0"><span class='ocrx_word' id='word_1_234' title='bbox 1538 1850 1615 1889; x_wconf 83' lang='lat'>330</span> 
     </span>
    </p>
   </div>
  </div>
 </body>
</html>
