1865 2959
844 255 889 262 —
915 235 984 270 ⁴186
1010 254 1055 262 —

306 322 417 362 Finis
437 320 564 369 adest,
584 319 700 368 mihi,
723 330 826 369 care,
850 319 1007 359 animos
1035 319 1215 360 attollere
1234 319 1380 360 fractos

308 394 476 442 Desine;
504 404 588 433 non
613 391 680 431 tali
701 391 840 443 pelago
859 391 1054 431 convulsa
1073 392 1170 432 ratis
1187 397 1270 432 nat.

307 467 493 505 Fortunae
510 463 611 504 mihi
632 468 727 504 nota
752 463 852 503 fides
884 477 891 502 :
922 468 982 503 sat
1005 475 1152 516 magna
1172 464 1325 516 petenti

306 539 418 576 Dona
438 536 551 576 dabis
574 541 763 586 mortem,
788 548 876 589 quae
900 536 1084 576 libertate
1116 541 1274 576 retenta

305 608 479 648 Perferat
499 608 604 649 hano
627 608 806 649 animam
824 608 973 648 directo
1003 608 1162 648 tramite
1184 608 1232 648 ad
1258 607 1436 647 umbras.

305 683 532 722 Romanum
550 680 859 733 fugissojiigum
879 679 979 719 mihi
1002 684 1109 720 meta
1128 679 1316 732 precandi
1339 684 1398 720 est
1421 694 1428 718 :

304 756 452 794 Caetera
472 764 554 793 non
574 752 704 792 ausim
726 752 812 801 tibi,
838 752 907 792 sed
928 763 999 804 pro
1019 751 1167 791 talibus
1187 751 1254 792 ille

305 827 388 866 Rex
411 826 612 877 Superum
638 824 829 864 meritum
849 829 980 875 grates
1006 823 1185 863 exsolvat
1205 823 1374 875 opimas,

305 898 379 946 Qui
405 909 494 937 mea
518 895 730 949 magnifico
751 895 1037 935 transcendere
1058 900 1151 934 vota
1173 894 1308 935 favore

303 970 422 1009 Nisus
444 981 544 1010 eras.
572 985 588 1006 »
616 967 784 1008 Vultum
803 967 888 1007 haee
907 967 1045 1007 dicens
1066 967 1225 1017 avertit,
1248 971 1286 1006 et
1304 966 1420 1007 illum

306 1041 510 1094 Compulit
530 1041 571 1080 in
596 1040 794 1092 lacrymas
814 1039 963 1079 iterum
984 1053 992 1078 :
1024 1054 1041 1075 «
1061 1039 1138 1079 Sed
1159 1050 1275 1091 parce
1296 1038 1439 1088 dolori,

306 1115 439 1163 Parce,
463 1113 531 1163 ait,
555 1118 593 1153 et
615 1111 763 1152 nostris
781 1111 906 1151 oculis
927 1123 1028 1163 quos
1047 1109 1210 1150 fletibus
1235 1110 1324 1150 istis

304 1187 410 1226 Ante
430 1185 537 1225 diem
556 1184 720 1238 perimis
739 1198 748 1234 3
777 1196 868 1236 spes
889 1183 1042 1236 amplas
1060 1182 1165 1223 fessa
1184 1183 1404 1236 labansque

303 1258 416 1296 Mens
434 1256 593 1309 refugit,
615 1262 810 1310 terraeque
828 1259 966 1310 jacens
991 1256 1047 1296 nil
1069 1256 1235 1308 suspicit
1260 1256 1402 1296 altum.

303 1331 364 1368 Tu
384 1334 520 1369 tamen
539 1330 727 1370 intendas
752 1329 935 1370 animum
957 1328 1206 1378 melioribus,
1228 1328 1303 1368 ibit

303 1403 420 1441 Forte
445 1401 520 1441 alio
543 1400 705 1442 Fortuna
724 1413 892 1449 nocens,
916 1401 1152 1452 aditumque
1178 1399 1379 1452 relinquet

304 1474 362 1514 Ad
388 1485 556 1526 magnos
573 1473 727 1526 placata
749 1474 914 1525 gradus,
942 1473 974 1512 si
997 1473 1111 1520 dura,
1135 1472 1244 1524 quod
1264 1471 1400 1512 horret

303 1547 430 1596 Mens,
456 1557 574 1586 omen
597 1557 683 1585 sors
704 1545 770 1585 illa
791 1550 899 1585 vetat
918 1559 926 1595 ;
954 1551 1052 1585 tuno
1070 1544 1216 1584 ultima
1238 1555 1325 1583 sero

305 1619 409 1658 Mors
434 1618 595 1658 dabitur
614 1618 812 1670 promissa
831 1617 920 1667 tibi,
944 1630 1014 1670 per
1036 1617 1168 1657 sidera
1185 1620 1311 1656 testor

304 1689 395 1729 Alta
416 1690 510 1742 poli,
533 1702 754 1743 regumque
774 1690 896 1730 fidem
919 1692 1136 1742 Manesque
1165 1691 1362 1740 Deosque.
1383 1703 1401 1724 1)

355 1763 466 1803 Talia
486 1763 553 1803 vix
573 1763 771 1804 tremulus
792 1763 960 1804 confusa
983 1774 1079 1803 voco
1101 1761 1253 1814 peregit
1273 1774 1281 1809 3

305 1835 406 1875 Hinc
431 1847 518 1875 sose
539 1847 707 1875 vacuam
727 1835 821 1875 tulit
841 1835 1082 1887 irrequietus
1103 1834 1150 1874 ad
1179 1843 1324 1873 arcem.

304 1907 399 1955 Quis
422 1911 540 1959 queat
561 1906 770 1947 instabiles
791 1907 1021 1947 animorum
1040 1917 1206 1946 noscere
1222 1903 1365 1944 fluctus

304 1980 410 2028 Quos
430 1978 538 2019 ferus
557 1984 671 2031 urget
692 1991 805 2019 amor
821 1980 841 2019 ἶ)
866 1981 954 2019 Νο11
974 1978 1062 2018 illos
1082 1976 1270 2017 turbidus
1289 1978 1420 2027 {equat

305 2051 492 2102 Euripus,
514 2063 596 2090 non
619 2051 752 2103 Scylla
776 2050 970 2101 fremens,
993 2061 1075 2090 non
1096 2048 1181 2088 dira
1203 2046 1442 2099 Charybdis

353 2185 427 2214 139.
450 2183 557 2216 Gratis
575 2183 606 2214 111
627 2185 679 2215 ed.
695 2184 785 2220 Bas,
807 2188 915 2225 yrutes
936 2183 967 2215 in
989 2183 1142 2214 omuibus
1165 2191 1224 2212 ms.

351 2242 426 2271 141.
451 2240 531 2272 Erat
554 2240 585 2271 in
606 2241 658 2271 ed.
684 2241 776 2277 Bas„
795 2249 870 2271 eras
892 2241 923 2272 111
943 2240 1097 2271 omnibus
1117 2248 1178 2270 ms.

351 2300 427 2330 111.
450 2297 505 2329 Hic
526 2307 652 2335 versus,
675 2298 708 2328 111
729 2299 882 2329 omuibus
903 2307 963 2329 ms.
981 2298 1070 2335 licet,
1094 2298 1186 2328 deest
1206 2296 1238 2326 in
1260 2296 1314 2326 ed.
1341 2295 1412 2324 Bas.

351 2356 426 2386 145.
448 2352 572 2396 Aspicit
594 2363 652 2394 pro
671 2354 804 2396 suspicit
827 2355 857 2385 iu
881 2364 941 2386 ms.
963 2358 999 2385 Α.

1517 537 1593 576 135

1518 897 1594 935 140

1517 1259 1593 1297 145

1516 1619 1532 1655 1
1543 1617 1594 1655 50

1515 1974 1594 2012 155

350 2413 425 2444 149.
450 2409 631 2444 Omnem...
652 2420 724 2442 sera
744 2411 776 2442 in
797 2412 849 2442 ed.
869 2412 957 2448 Bas,
979 2420 1074 2442 omen
1095 2435 1116 2441 ..
1137 2419 1211 2442 sero
1232 2409 1264 2440 in
1285 2407 1439 2440 omnibus
1459 2415 1522 2436 ins.

348 2470 424 2500 154.
445 2466 568 2500 Flemus
588 2467 620 2499 in
641 2468 680 2499 ed
702 2468 791 2505 Bas„
813 2467 933 2508 fluctus
952 2467 984 2498 111
1005 2468 1159 2498 omnihus
1184 2477 1244 2497 uis.

352 2528 428 2559 155.
448 2525 483 2557 ln
505 2535 565 2557 ms.
588 2525 612 2556 Α
631 2534 730 2566 supra
746 2529 849 2567 oequet
870 2528 921 2557 est
937 2525 1013 2566 jure
1034 2534 1119 2556 corr.
1138 2529 1259 2566 aequat.
