1865 2959
616 583 827 621 LtRER
889 580 1154 619 NONUSe

666 947 1007 980 Δ»11111111ΜΕΝΤΠΜ
1044 930 1107 976 (1).

385 1091 490 1131 Scipio
511 1091 679 1130 provectus
697 1088 812 1128 pelago
833 1087 1007 1118 Tinnentia
1025 1085 1096 1127 (sic)
1114 1086 1214 1117 victor

387 1148 505 1179 Littora
522 1147 702 1186 linquebat.
726 1145 897 1176 Victricem
920 1143 1053 1174 flamina
1072 1143 1208 1174 classem

386 1205 516 1237 Leniter
532 1203 724 1243 impellunt·⁷
745 1201 884 1241 crepitat
903 1210 960 1241 per
979 1201 1112 1232 carbasa
1127 1204 1253 1231 ventus.

388 1261 509 1292 Ennius
529 1269 606 1300 ergo
626 1259 718 1290 ducis
733 1258 826 1299 jussu
844 1258 920 1297 quid
939 1258 1053 1288 laurea
1073 1257 1180 1297 signet

387 1319 517 1354 Edocet,
539 1320 570 1347 et
590 1315 689 1347 saeris
711 1324 808 1354 quam
828 1315 869 1345 sit
889 1313 949 1344 sita
974 1317 1061 1344 meta
1082 1313 1199 1353 poetis⁷

386 1376 460 1406 Post
480 1375 550 1405 haec
572 1376 747 1404 nocturnos
765 1372 854 1403 visus
872 1374 903 1402 et
922 1370 1050 1402 somnia
1070 1373 1192 1401 narrat.

387 1432 464 1462 Inde
484 1429 540 1461 ubi
560 1429 591 1460 in
613 1429 736 1460 Italiam
759 1429 874 1468 pelago
895 1428 1022 1459 rediere
1042 1436 1206 1464 remenso,

385 1488 535 1529 Captivos
555 1496 613 1527 per
628 1487 734 1518 vincla
755 1486 889 1517 trahens
906 1494 1086 1527 regemque
1103 1485 1269 1523 ducesque

386 1545 512 1585 Scipius
531 1546 644 1575 aurato
664 1542 764 1574 subiit
778 1542 934 1582 Capitolia
953 1551 1068 1573 curru.

305 1677 435 1729 Scipio
457 1680 667 1729 provectus
687 1674 823 1726 pelago
845 1676 1104 1727 Romanaque
1123 1673 1261 1714 classis

255 1751 343 1790 Jam
363 1748 562 1801 placidum
584 1746 760 1787 sulcabat
781 1746 871 1786 iter.
893 1747 981 1786 Non
1002 1757 1120 1786 rauca
1139 1745 1321 1798 procellis

257 1823 433 1874 AEquora
455 1818 678 1867 fervebant,
705 1818 916 1869 ventisque
941 1817 1169 1867 silentibus,
1193 1816 1323 1856 undas

257 1894 456 1933 Victorem
478 1891 651 1931 sensisse
672 1895 788 1943 putes
812 1903 819 1928 :
846 1888 1101 1941 tranquillior
1120 1888 1200 1928 illis

256 1964 400 2005 Vultus
422 1968 517 2011 erat,
546 1962 642 2003 coelo
660 1961 780 2002 facies
803 1965 1008 2013 composta
1032 1971 1172 2000 sereno
1192 1975 1201 2009 3

257 2037 320 2077 Sic
338 2035 480 2076 hostile
500 2034 662 2083 fretum,
687 2033 742 2073 sic
762 2037 904 2073 cuncta
927 2032 1126 2072 elementa
1146 2031 1298 2071 videret

257 2107 454 2160 Obsequio
476 2105 651 2146 mulcere
671 2105 828 2145 ducein.
849 2106 940 2144 Jam
957 2103 1091 2143 littora
1114 2103 1231 2154 longe

258 2178 390 2219 Africa
409 2177 644 2230 linquebant
664 2177 826 2226 alacres,
851 2181 889 2216 et
907 2175 1011 2216 bella
1032 2178 1220 2215 canentes

260 2250 387 2300 Ibant,
411 2261 456 2289 ac
475 2249 607 2289 valido
628 2248 865 2300 frangebant
884 2246 1034 2298 remige
1054 2246 1213 2286 fluctus.

261 2324 396 2374 Puppe
420 2321 530 2361 ducis
550 2320 682 2361 media
700 2320 843 2360 tacitus
864 2318 1143 2370 meditansque
1163 2316 1324 2358 sedebat

303 2478 350 2520 (1)
367 2479 389 2510 E
411 2487 472 2509 ms.
493 2478 517 2510 A
537 2478 743 2518 excerptum.
762 2476 851 2507 Idem
873 2475 905 2508 in
927 2476 977 2506 cil.
1002 2475 1113 2506 Venet.
1134 2472 1266 2516 legitur.

1489 2316 1539 2353 40
