1865 2959
836 250 976 284 -378
1005 268 1046 276 —

298 337 432 375 Monte
452 335 599 375 cadens
618 334 686 374 illo
708 346 786 386 quo
806 334 938 374 Tibris
959 339 999 375 et
1017 346 1178 388 aequora
1198 335 1297 375 Pisaae

297 410 529 459 lrrumpens
556 412 647 458 apto
671 406 833 459 magnis
854 419 924 459 pro
945 406 1100 447 ratibus
1120 407 1248 447 alveo.

297 479 480 519 Creditur
500 478 565 518 hic
582 483 727 518 moesto
749 478 854 518 vires
875 479 915 518 iu
937 478 1073 531 praelia
1090 478 1201 519 fratri

299 552 535 592 Promisisse
560 563 668 601 suas,
686 556 926 605 vectumque
945 552 1157 604 elephante
1184 551 1423 605 superbum,

300 623 568 664 Hannibalem
588 623 711 663 tantis
731 623 823 663 belli
847 623 1100 664 successibus
1117 624 1223 663 ultre

299 696 441 736 Divina
459 695 623 748 petiisse
642 707 786 745 manu,
808 701 978 748 tumque
999 695 1120 736 unius
1141 708 1216 735 usu

299 769 481 808 Luminis
500 768 696 809 infestum
721 768 891 808 Romani
915 768 1093 808 nominis
1114 767 1273 808 hostem

300 841 482 880 Privasse
509 846 547 881 et
568 840 735 880 tumidis
756 852 858 892 pene
881 839 1129 892 oppressisse
1151 839 1225 879 sub
1247 839 1381 879 undis.

298 913 409 953 Alter
427 913 571 952 collina
591 918 805 964 postquam
827 912 876 951 de
898 917 1007 951 turre
1028 912 1264 951 tremendus

300 983 501 1023 Hannibal
523 983 736 1023 horrendis
758 983 879 1023 simul
907 988 967 1023 est
988 988 1227 1035 conspectus
1246 983 1286 1022 in
1309 981 1446 1030 armis,

301 1056 522 1097 Concilium
546 1056 725 1096 tenuisse
750 1058 891 1096 Jovem
915 1061 953 1095 te
973 1055 1124 1107 fingere
1150 1056 1289 1105 credit,

302 1132 506 1182 lratosque
525 1131 629 1169 Deos
650 1128 796 1168 subitis
818 1140 866 1169 ex
886 1128 1035 1168 aethere
1049 1127 1199 1168 nimbis

302 1202 535 1244 Defendisse
557 1214 639 1242 suaa
658 1202 902 1254 trepidantia
924 1206 1028 1242 tecta
1049 1201 1250 1241 Suburrae.

301 1276 433 1326 Solve,
455 1287 608 1329 precor,
631 1275 791 1325 dubios,
816 1275 933 1315 liceat
952 1275 1194 1328 quandoque
1213 1274 1349 1315 videre

301 1348 433 1390 Africa
455 1349 593 1389 divino
615 1349 712 1400 quid
738 1348 902 1388 tandem
921 1348 1099 1388 carmine
1122 1353 1297 1400 promat.

302 1422 405 1462 Nam
425 1421 522 1461 satis
542 1426 662 1473 atque
685 1432 806 1472 super
824 1419 952 1460 lature
974 1419 1183 1460 volumina
1205 1431 1325 1459 sacrae

303 1493 510 1546 Scipiades
532 1493 672 1533 multis
693 1493 848 1532 dudum
869 1492 1007 1532 limata
1031 1492 1193 1542 diebus,

303 1567 344 1608 Si
368 1566 574 1619 quondam
593 1565 765 1618 geminis
785 1566 964 1605 divinam
985 1565 1158 1605 AEneida
1175 1564 1314 1605 lustris

303 1638 489 1680 Carmine
508 1637 636 1678 vivaci
656 1639 764 1678 Maro
786 1637 1062 1690 composuisse
1082 1642 1261 1690 putatur,

303 1713 428 1765 Sique
449 1716 590 1764 quater
615 1711 742 1751 ternis
762 1710 932 1763 vulgatae
956 1710 1107 1750 Statius
1126 1710 1243 1750 annis

303 1784 490 1826 Carmina
512 1783 742 1824 Thebaidos
765 1782 892 1823 multo
912 1782 1075 1822 recitata
1091 1781 1226 1821 favore

302 1858 454 1905 Edidit,
480 1863 519 1898 et
545 1857 663 1908 longe
683 1856 832 1896 meruit
854 1855 1054 1908 praeconia
1071 1854 1204 1904 famae,

303 1933 382 1972 Cur
399 1935 481 1970 tam
509 1928 658 1969 difficili
682 1927 916 1980 producitur
936 1926 1069 1967 Africa
1087 1928 1234 1979 partu?

303 2006 366 2044 An
390 2002 538 2043 metuis
559 2001 674 2041 saevis
695 2000 912 2040 latrantum
935 1999 1138 2039 morsibus
1159 1998 1254 2038 olim

305 2076 477 2129 Opponi,
500 2080 539 2115 et
559 2074 688 2114 lucem
707 2072 884 2125 praeclari
904 2072 1084 2112 nominis
1109 2076 1204 2111 atrae

305 2148 488 2190 Nubibus
507 2147 669 2187 invidia}
688 2145 849 2195 obduci,
874 2144 942 2197 qui
966 2149 1080 2184 tanta
1098 2148 1262 2184 tuorum

306 2221 507 2262 Laudatus
525 2219 681 2259 cunetis
702 2217 859 2257 dederis
878 2220 1146 2256 monumenta
1164 2215 1350 2255 laborum

306 2297 397 2335 Jam
415 2299 484 2333 tua
502 2291 680 2332 bucolico
700 2294 888 2330 contexta
905 2289 1112 2329 volumina
1132 2300 1267 2328 versu.

308 2369 400 2407 Haec
418 2366 509 2405 licet
528 2364 671 2416 ignava
696 2362 910 2403 cumulatis
931 2361 1117 2402 laudibus
1144 2366 1240 2401 aetas

309 2437 479 2490 Excipit,
503 2441 543 2476 et
562 2436 690 2488 prisco
714 2435 873 2488 praefert
892 2439 961 2475 tua
982 2440 1111 2475 metra
1129 2433 1297 2483 Maroni,

310 2510 569 2562 Plurimaque
592 2508 857 2549 immodicum
881 2507 1049 2548 mordax
1067 2506 1240 2547 invectio
1267 2505 1407 2546 laudes

1512 623 1587 661 1¹85

1513 983 1588 1020 190

1514 1350 1590 1387 1955

1514 1713 1592 1749 *200

1513 2435 1592 2473 8210
