1865 2959
755 287 939 321 -67-

211 370 358 414 colum
376 368 447 413 his
465 369 614 414 verbis
644 369 905 414 circumibat
932 385 940 412 ε
965 387 985 409 «
1008 370 1059 413 Et
1084 370 1298 427 quoniam
1318 369 1408 413 scio
1440 373 1482 412 te

212 466 233 488 »
260 448 459 492 divinam
485 447 679 491 Africam
711 447 870 491 fecisse
904 446 1154 499 transcribi,
1191 450 1240 490 ut
1270 447 1393 490 illam
1428 446 1483 489 ad

213 542 234 565 »
252 525 470 568 Joannem
500 524 752 568 Boccatium
776 523 1042 577 destinares,
1068 525 1194 581 cujus
1220 524 1484 582 promiserat

211 620 233 643 »
262 616 336 646 me
353 602 555 646 futurum
584 615 682 646 esse
702 601 980 660 participem,
1011 601 1216 658 quamvis
1241 601 1286 644 id
1316 601 1484 659 grande

211 697 232 720 »
263 680 334 732 sit,
371 694 453 724 nec
475 680 586 723 tanti
608 693 681 724 me
709 679 891 731 faciam,
913 682 990 722 aut
1013 678 1089 722 tali
1118 692 1190 723 me
1217 677 1374 735 digner
1404 679 1485 722 ho·

212 775 233 797 »
263 771 388 810 nore,
432 761 482 801 ut
512 757 586 802 ille
619 758 693 809 ait,
718 761 820 815 peto
853 761 1020 810 tamen,
1060 760 1109 800 ut
1141 756 1264 800 illam
1294 757 1482 814 receptis

212 852 233 875 ›>
256 835 472 893 pecuniis,
495 849 606 893 quas
631 836 818 893 scriptor
840 839 883 878 et
903 835 1070 878 chartae
1092 835 1348 888 voluerunt,
1372 835 1484 877 mihi

212 930 233 953 »
255 913 548 967 transmittas,
576 917 620 956 et
645 926 719 957 me
748 916 872 956 tanto
900 925 1088 956 munere
1115 926 1263 965 ornes,
1297 926 1379 956 nec
1405 912 1485 956 erit

211 990 443 1033 »arbitror
481 990 726 1048 inglorium
767 989 899 1033 famae
941 989 1204 1046 nominique
1236 990 1486 1033 Petrarchae

212 1086 233 1109 »
256 1067 379 1111 iilam
405 1068 452 1110 in
472 1067 659 1125 patriam
682 1080 826 1120 suam,
851 1071 894 1112 et
915 1067 962 1110 in
988 1080 1151 1110 manus
1171 1079 1296 1111 meas
1322 1070 1485 1111 ventu-

212 1163 233 1186 »
256 1159 353 1188 ram
373 1145 436 1192 (1).
460 1163 481 1185 >›
518 1146 655 1202 Eique
686 1145 821 1188 simul
849 1159 983 1188 suum
1009 1144 1280 1203 jampridem
1302 1158 1485 1202 suscep-

210 1227 307 1266 tum
349 1223 650 1267 incitatorium
684 1236 864 1267 carmen
889 1258 900 1275 ,
951 1223 1226 1281 completum
1273 1221 1483 1274 tandem,

210 1315 316 1345 eum
361 1301 703 1346 exorabiliorem
755 1299 1128 1359 deprehendendi
1174 1313 1306 1344 causa
1326 1336 1336 1352 ,
1396 1303 1485 1343 tra-

211 1378 361 1423 debat.

269 1457 456 1501 Exstant
483 1459 526 1499 et
555 1457 651 1514 ejus
668 1455 819 1514 plures
841 1455 1042 1514 epistolae
1064 1469 1164 1513 quae
1185 1455 1314 1498 iilum
1331 1457 1488 1510 Africae

211 1533 469 1578 obtinendae
499 1534 662 1577 iterum
700 1538 743 1578 et
780 1533 985 1597 cupidius
1015 1533 1276 1586 instantem,
1315 1532 1392 1576 diu
1423 1547 1488 1576 re-

210 1612 421 1670 pulsum,
459 1611 601 1655 nihilo
636 1615 893 1670 sperantem
929 1611 1075 1656 secius
1108 1614 1346 1656 testantur.
1384 1611 1489 1654 Haec

211 1702 365 1734 revera
398 1689 497 1747 lege
525 1690 690 1747 insigni
712 1690 807 1733 viro
842 1688 1111 1741 Lombardo,
1145 1689 1372 1740 Patavino,
1399 1702 1488 1745 quo

210 1765 357 1824 legato
379 1765 497 1824 apud
526 1767 858 1810 Franciscolum
889 1766 1128 1810 utebatur:
1158 1784 1179 1807 «
1205 1767 1371 1810 Sensus
1400 1765 1489 1810 mei

213 1861 235 1884 »
266 1848 371 1887 sunt
403 1844 575 1902 ingenti
605 1844 768 1903 gaudio
800 1844 1014 1898 delibuti,
1054 1844 1157 1902 quia
1194 1848 1258 1897 tu,
1299 1847 1348 1887 ut
1375 1844 1487 1887 mihi

214 1921 531 1966 »concedatur
563 1921 714 1966 divina
748 1922 893 1966 Africa
928 1926 1019 1966 tam
1055 1922 1294 1966 efficaciter
1326 1921 1484 1974 instes,

214 2017 236 2040 »
260 1999 317 2044 de
352 2013 440 2057 quo
481 1999 650 2043 caritati
678 2003 766 2043 tuae
788 1999 983 2044 ubertim
1010 2000 1259 2058 regratians
1290 1998 1491 2043 obtestor

215 2095 236 2117 »
261 2081 304 2121 et
324 2091 449 2135 rogo,
476 2081 697 2134 quatenus
717 2077 946 2135 inceptum
970 2091 1062 2121 non
1084 2076 1280 2121 deseras.
1301 2074 1487 2133 ImpeHe

215 2172 237 2195 »
265 2154 469 2208 dubium,
495 2155 713 2198 confirma
742 2155 986 2208 labantem,
1012 2155 1068 2199 sit
1086 2158 1190 2198 ante
1211 2154 1363 2198 oculos
1386 2157 1489 2196 tuos

215 2249 237 2272 »
262 2232 379 2275 fama
393 2231 483 2276 divi
506 2233 771 2285 Petrarchae,
794 2233 864 2277 cui
883 2233 1143 2277 consultum
1158 2232 1271 2275 mihi
1289 2230 1486 2283 confido,

216 2327 238 2350 »
268 2310 304 2353 si
322 2310 434 2354 liber
460 2310 535 2355 ille
554 2311 601 2354 in
629 2325 791 2355 manus
818 2325 943 2356 meas
970 2311 1159 2356 venerit.
1190 2311 1289 2354 Non
1317 2309 1490 2353 inficier

218 2405 238 2427 »
272 2388 356 2432 hoc
377 2388 490 2431 mihi
512 2402 799 2434 accessurum
829 2390 885 2434 ad
912 2389 1116 2448 gloriam,
1148 2389 1183 2433 si
1203 2402 1275 2433 me
1302 2387 1489 2444 dignum

259 2560 306 2602 (1)
327 2560 362 2594 C.
383 2559 528 2594 Salutatz·
545 2561 700 2603 epistoloe,
722 2564 806 2602 part.
828 2569 866 2598 11.
883 2570 916 2602 p.
939 2562 994 2593 49.
