1865 2959
823 258 860 264 —-
891 238 1031 273 383—

291 325 405 363 Hunc
420 326 622 362 auctorem
643 332 771 373 operte
789 320 955 361 celebris
975 333 1084 373 quein
1104 320 1224 372 quina
1251 319 1385 360 videtis

290 394 421 445 Larqa
438 406 510 446 per
530 394 733 432 innocuum
755 398 980 444 reteqentem
997 391 1158 431 vulnera
1180 403 1316 443 eorpus

289 465 474 505 Carmina
488 463 689 516 pollicitus
708 463 835 503 multa
856 469 894 503 et
912 463 977 515 pia
1001 474 1091 502 cum
1113 463 1232 502 modo
1256 475 1417 514 possem

298 536 441 575 Vertice
464 535 652 574 Parnassi
672 534 833 582 rediens,
855 535 889 573 si
905 534 1074 586 forsitan
1095 533 1204 572 illam

292 606 479 646 Carmina
498 605 718 653 mulcerent,
741 606 800 645 vel
815 605 990 645 siminus
1011 604 1077 643 illa
1101 605 1308 657 placerent.

289 678 404 717 Forte
422 677 535 717 etiam
556 677 763 729 lacrymas,
787 689 886 729 quas
904 689 956 717 ne
976 688 1045 728 per
1058 680 1240 728 tempora
1261 688 1347 716 sero

288 749 565 789 Protraherem
586 749 775 789 simulata
795 748 902 798 dedi,
926 747 1196 800 lacrymisque
1211 748 1345 788 vacavi

288 820 504 860 Plurimus.
526 820 732 860 Exhausto
757 820 997 872 quieverunt
1017 824 1175 871 pectore
1201 830 1303 858 curae

288 891 506 943 Scipiades,
531 892 699 931 demens
721 903 925 931 servarem
944 895 1125 942 tempore
1146 891 1271 942 lapso.

288 965 373 1012 Quo
394 975 476 1003 non
497 963 687 1015 Pimplea}
716 967 901 1015 poterant
921 974 986 1002 me
1007 963 1149 1002 ducere
1175 973 1301 1002 musae

287 1037 498 1075 Duxerunt
515 1035 714 1087 lacrymae,
736 1034 916 1086 jejunia3
943 1034 1121 1073 carmina
1140 1033 1265 1073 David

287 1106 458 1146 Pastoris
477 1117 565 1158 quae
583 1117 701 1146 rauca
717 1105 829 1157 prius
849 1105 1042 1145 causabar
1062 1109 1236 1144 amatam

287 1178 469 1230 Scipiada
488 1178 684 1218 exardens
700 1177 833 1217 media
849 1182 939 1229 post
959 1181 1076 1216 nocte
1094 1176 1288 1216 canebam

287 1249 470 1289 Moniens
492 1249 573 1299 (sic)
593 1248 827 1298 admonuit3
851 1250 967 1300 juvat
989 1253 1028 1288 et
1050 1248 1303 1288 monimenta
1328 1247 1481 1287 tulisse.

290 1322 348 1361 Me
366 1332 476 1360 nunc
497 1319 721 1360 harmonici
746 1320 977 1360 circumstat
1002 1320 1138 1359 concio
1160 1319 1262 1359 coeli.

341 1393 393 1432 At
413 1392 445 1432 si
466 1392 670 1444 Scipiados
694 1391 852 1431 limanti
871 1396 1028 1443 pectore
1054 1391 1208 1431 cunctis

285 1463 528 1503 posthabitis
542 1467 689 1515 puncto
712 1463 933 1503 tendissem
954 1462 1116 1514 Sergius
1140 1462 1266 1510 idem,

287 1537 399 1575 Tunc
417 1547 508 1575 mea
524 1546 595 1587 per
614 1535 823 1575 volucrum
843 1534 1111 1586 complessent
1132 1533 1212 1574 alta
1230 1532 1414 1585 polorum

286 1606 553 1658 Spiramenta‚
578 1608 679 1647 Deos
696 1606 947 1658 quiescentes
972 1605 1149 1645 carmine
1170 1604 1271 1644 festo

287 1677 532 1728 Mulsissent,
553 1677 762 1730 jubiloque
792 1690 896 1718 novo
928 1688 1190 1730 conspergere
1215 1680 1378 1716 cunctas

286 1751 527 1790 Tentassent
546 1755 686 1799 terras,
708 1750 831 1789 maris
853 1750 1085 1802 importuna
1104 1748 1254 1800 vagans

287 1820 468 1861 Flamina
486 1821 696 1861 sedassent
715 1823 952 1873 Brentaeque
974 1820 1147 1860 salubria
1170 1821 1322 1871 Tempe

287 1894 576 1945 Euganeosque
596 1892 692 1933 oleae
711 1892 832 1932 colles
853 1892 1027 1943 vitisque
1045 1890 1194 1932 feraces

286 1966 416 2004 Laetus
434 1964 586 2005 olorino
604 1964 826 2017 tetigissem
847 1964 977 2004 sidera
1001 1968 1134 2004 cantu.

287 2035 489 2076 Laudibus
512 2035 563 2076 ah
583 2036 743 2089 quantis
764 2036 949 2076 cessisset
969 2036 1139 2077 Mincius
1158 2038 1267 2076 Arno
1284 2037 1292 2075 1

289 2107 352 2147 Sic
373 2107 468 2147 satis
487 2109 626 2148 AEneae
646 2107 738 2147 forti
762 2120 833 2159 par
853 2107 1000 2159 Scipio,
1022 2109 1151 2159 major

289 2181 441 2220 Caesare
458 2180 666 2232 praecipiti,
684 2184 796 2220 tanto
818 2179 1019 2219 robustior
1036 2180 1148 2219 omni

289 2251 454 2292 AEacida
473 2251 537 2291 vel
553 2251 696 2304 Ulysse
717 2250 837 2291 simul
855 2263 955 2303 quos
974 2250 1102 2291 mirus
1123 2252 1320 2291 Homerus

289 2321 499 2362 Clarificat.
521 2324 676 2371 Quanto
696 2321 797 2363 fictis
822 2322 995 2362 divinior
1012 2322 1090 2362 illis

289 2395 384 2442 Quae
402 2399 517 2435 sonat
537 2394 724 2447 ambiguo
749 2406 868 2435 versu
888 2394 1147 2447 Rhodopeius
1169 2394 1297 2443 exsul,

289 2467 368 2505 Nec
383 2477 449 2506 me
472 2465 665 2518 poeniteat
685 2470 841 2506 vestros
860 2465 1026 2518 liquisse
1047 2466 1224 2514 decores,

1515 608 1566 646 ltO

1516 2037 1567 2075 (30
