1865 2959
816 255 1026 290 —367—

284 341 499 380 Concessos
520 349 750 378 memorans
768 337 880 378 laetos
902 349 972 389 pro
996 348 1162 376 munere
1183 336 1368 377 honores.

283 410 360 451 Sed
380 411 466 459 dic3
499 422 634 450 nonne
655 409 768 449 audis
789 409 921 449 medio
940 420 1048 448 nunc
1069 408 1236 448 carceris
1256 419 1417 460 aegram,

282 484 386 522 Dum
406 482 573 531 nudam,
596 481 774 531 viduam,
796 480 920 520 solam
940 480 1211 531 miseramque
1231 480 1433 520 dolentem
1505 482 1556 519 ὃὸ

283 555 332 593 Se
353 553 460 602 dicit,
484 558 705 604 natumque
725 557 838 592 vocat
858 551 1057 592 Florentia
1074 550 1222 591 frustra
1238 552 1257 590 ‘?

282 624 322 664 Si
342 629 458 676 caput
476 624 680 673 extuleris,
700 623 846 664 fessam
860 623 1105 675 flentemque
1123 622 1276 662 videbis

282 697 517 748 Carpentem
537 695 724 735 manibus
745 707 903 747 sparsos
924 694 1017 733 hinc
1037 694 1131 733 inde
1158 694 1334 745 capillos,

282 769 443 807 Pectora
464 767 706 807 tundentem
726 767 885 818 pugnis,
908 778 951 805 ac
974 778 1041 805 ora
1058 766 1257 817 rigantem

282 838 490 889 Unguibus
515 838 687 888 infestis,
709 838 816 890 pulla
838 837 911 877 sub
936 842 1045 877 veste
1066 838 1288 885 sedentem,
1506 840 1557 876 90

280 909 446 950 Pulvere
470 921 695 962 respersam
717 909 850 961 putri,
875 911 1095 960 Parcasque
1121 920 1276 948 sorores

279 983 326 1019 Et
349 982 493 1020 ccelum
515 981 705 1032 sidusque
730 980 896 1029 malum,
918 980 1149 1032 crimenque
1166 984 1367 1019 resectum

280 1055 383 1092 Ante
403 1053 507 1092 diem
528 1053 643 1092 trivio
665 1052 922 1101 lacerantem,
944 1057 982 1091 et
1003 1052 1173 1091 numina
1192 1051 1321 1090 (110115.

279 1126 334 1163 Το
356 1124 478 1164 solani
500 1125 678 1176 cupiens,
702 1135 866 1176 sperans
888 1129 924 1163 te
944 1135 1060 1175 posse
1083 1123 1237 1163 dolores

280 1195 559 1247 Composuisse
575 1206 694 1244 suos;
718 1195 812 1247 quid
839 1195 871 1233 si
891 1200 929 1234 te
951 1194 1110 1243 sentiat,
1133 1206 1216 1243 oro,
1505 1197 1556 1233 95

281 1268 323 1304 lu
348 1266 523 1306 cinerem
543 1278 718 1315 versam,
746 1265 942 1306 facturam
963 1266 1090 1305 credis
1114 1270 1316 1305 amantem
1335 1266 1354 1304 ἶ)

280 1340 323 1376 111
345 1343 515 1378 mortem
537 1337 753 1377 furibunda
770 1343 874 1387 ruet,
898 1338 1110 1390 nigrasque
1136 1337 1290 1377 vocabit

279 1410 405 1449 Orans
424 1409 683 1459 Eumenides,
706 1414 881 1449 mactent
900 1409 1137 1461 rapiantque
1156 1420 1226 1460 per
1247 1407 1425 1457 umbras,

279 1480 391 1528 Quod
410 1480 543 1520 fueras
562 1479 713 1520 factura
730 1492 864 1530 51111111,
885 1480 915 1519 51
937 1480 1015 1520 vita
1035 1479 1192 1529 fuisset,

280 1555 521 1604 Perpetuum
543 1564 705 1592 nomen.
724 1552 891 1602 Poteris,
915 1552 992 1601 dic,
1013 1551 1192 1601 obsecro,
1217 1556 1393 1591 mentem
1480 1553 1556 1590 100

278 1626 365 1663 Νο11
382 1623 540 1664 flexisse
561 1624 636 1676 piis
655 1624 842 1676 lacrymis
857 1623 1120 1676 pre-cibusque
1141 1623 1320 1663 vocantis
1335 1626 1352 1661 ἵ)

279 1695 342 1735 Sic
360 1694 483 1735 facilis
503 1695 636 1745 matri,
658 1695 832 1747 reliquos
854 1695 886 1734 si
910 1694 1011 1735 forte
1034 1706 1195 1735 recusas
1213 1709 1221 1743 3

278 1768 412 1819 Teque
432 1767 505 1806 sihi
522 1767 703 1819 natisque
724 1767 822 1807 velis
844 1766 1048 1819 saeclisque
1068 1765 1213 1806 futuris

278 1838 458 1878 Reddere
482 1853 490 1877 :
515 1850 629 1890 carpe
649 1838 784 1890 fugam
804 1838 979 1887 volucer,
1002 1837 1226 1889 dubiosque
1246 1837 1427 1889 relinque

279 1911 487 1962 Euganeos
506 1915 692 1959 montes,
714 1911 857 1951 timeas
876 1922 958 1950 non
978 1910 1110 1950 hercle
1132 1921 1294 1949 necesse
1316 1914 1390 1949 est.
1479 1911 1555 1948 105

279 1983 334 2021 Te
362 1994 520 2035 quoque
540 1982 709 2023 Castalio
731 1982 947 2022 servabunt
968 1982 1113 2022 vertice
1132 1983 1253 2021 Musae

282 2053 468 2104 Pierides,
496 2059 714 2106 vatumque
736 2053 881 2094 chorus
901 2068 909 2102 ;
932 2060 970 2093 10
995 2053 1156 2105 grandis
1177 2052 1315 2105 Apollo

281 2126 374 2166 [nde
401 2126 520 2166 sacris
544 2138 637 2166 cum
652 2127 743 2177 jure
767 2131 835 2165 tuo
854 2124 1050 2165 tutabitur
1067 2124 1204 2164 armis.

280 2199 429 2251 Inclyta
449 2199 628 2239 Pariseos
647 2202 822 2251 optatam
843 2197 1024 2249 pluribus
1042 2197 1159 2237 annis

280 2272 335 2310 Te
360 2275 487 2319 vocat,
514 2275 553 2310 01
572 2269 760 2310 manibus
780 2270 907 2309 tensis
929 2269 1159 2321 suppliciter
1179 2274 1263 2308 orat
1480 2270 1555 2307 110

281 2344 377 2382 Ε550
398 2342 495 2382 velis
517 2353 668 2391 secum,
691 2353 783 2381 cum
801 2341 851 2380 sit
871 2346 986 2381 vetus
1005 2340 1166 2392 hospita
1185 2345 1323 2380 vatum

281 2413 463 2465 Pervigil,
490 2419 528 2453 et
552 2417 681 2454 servet
705 2412 850 2452 studiis
871 2417 1133 2453 monumenta
1153 2412 1347 2464 priorum.

279 2487 333 2525 Te
354 2485 481 2526 civem
505 2490 721 2537 natamque
742 2496 856 2524 suam
876 2484 1165 2536 pulchramque
1181 2494 1356 2523 sororem
