1865 2959
804 195 1015 231 —236—

265 287 394 337 Atque
417 282 527 323 urbis
555 293 647 334 pars
676 292 755 321 una
778 284 857 320 tuse
880 284 919 320 te
938 278 1043 319 sessa
1062 283 1259 331 tuumque

265 359 478 409 Exspectat
500 353 691 394 reditum.
714 352 922 405 Numquid
945 364 1037 393 enm
1061 351 1195 391 littora
1216 355 1356 403 tanges

267 429 429 478 Punica,
457 425 670 467 confestim
693 425 828 478 patulo
855 425 1068 477 confligere
1088 436 1229 476 campo

266 504 397 554 Atque
417 511 586 540 manum
613 498 791 539 conferre
810 498 952 539 voles?
979 500 1041 538 An
1067 497 1216 537 mcenia
1241 497 1416 550 primum

267 572 438 613 Intrabis
458 571 609 624 patria),
632 583 723 624 spes
744 575 950 611 erecturus
974 569 1014 609 in
1036 580 1146 609 arma
1161 569 1180 608 ?
1475 571 1553 610 610

266 647 329 685 An
348 644 423 684 alia
446 642 616 683 sortasse
638 643 701 683 via
722 642 889 682 meliore
913 641 1045 682 tuenti

267 716 438 758 Consilia
462 715 688 768 apparent?
709 716 836 764 Quem
858 718 995 754 nostro
1021 713 1100 753 fata
1120 713 1245 753 labori

266 789 508 842 Impositum
531 787 699 828 modum
719 786 835 836 reris,
865 797 1037 839 quemve
1066 784 1186 825 affore
1212 784 1335 825 finem
1349 786 1368 824 ζ)
1388 800 1405 822 »

267 861 334 901 Ille
358 865 491 901 autem
514 874 522 899 :
557 874 574 896 «
601 859 697 908 Quis
720 863 827 899 certa
848 860 954 898 Deus
978 857 1052 897 suh
1074 856 1234 897 turbine
1254 861 1365 897 tanto

266 933 439 974 Consilia
461 931 680 985 expediat?
698 931 794 980 Quis
820 931 886 971 det
913 929 1077 970 meliora
1097 935 1234 969 tenere
1249 930 1268 969 ?
1477 930 1555 968 (515

267 1005 418 1046 Ibimus
439 1005 480 1044 in
501 1003 687 1056 patriam,
712 1003 907 1055 quoniam
936 1002 992 1042 sie
1012 1003 1183 1054 imperat
1208 1002 1365 1040 Hanno.

267 1078 451 1118 Forsitan
473 1081 510 1116 et
536 1075 673 1116 dulces
700 1087 839 1115 muros
862 1074 975 1127 prius
998 1074 1084 1126 ipse
1112 1072 1254 1113 subibo

265 1151 393 1200 Quam
414 1148 542 1188 satum
565 1153 719 1188 tentare
740 1147 878 1197 veliin,
905 1146 1091 1199 viresque
1110 1156 1293 1186 meorum

266 1224 445 1274 Spesque
463 1232 673 1272 annosque
691 1219 803 1272 prius
827 1218 1043 1271 vultusque
1066 1217 1311 1269 habitusque
1333 1216 1491 1256 videbo.

265 1295 336 1335 Sin
361 1298 497 1334 autem
519 1293 663 1333 mediis
685 1291 850 1344 juvenis
876 1293 1083 1332 Romanus
1102 1290 1143 1329 in
1163 1288 1287 1329 armis
1479 1289 1557 1328 [5020

265 1368 469 1412 Occurrat,
492 1376 672 1418 pugnare
693 1364 793 1403 mihi
819 1363 1021 1404 sententia
1049 1362 1126 1402 fixa
1147 1366 1222 1411 est,

265 1441 396 1491 Atque
415 1449 580 1477 omnem
602 1436 736 1489 potius
757 1447 985 1476 successum
1011 1439 1154 1487 sponte
1179 1432 1315 1473 subire

266 1512 394 1560 Quem
414 1512 520 1550 Deus
543 1514 581 1549 et
600 1508 762 1549 fortuna
791 1508 960 1548 dabunt.
979 1522 995 1543 »
1017 1507 1120 1546 Hine
1152 1505 1339 1545 turbidus
1361 1503 1425 1544 ille

267 1583 481 1624 Conticuit.
512 1582 654 1623 Senior
673 1583 790 1634 Juxta
818 1581 880 1621 eui
903 1580 1059 1620 flectere
1081 1578 1239 1619 clavum

270 1657 344 1697 Ars
364 1660 462 1704 erat,
484 1666 680 1694 annosam
701 1653 848 1694 tollens
869 1652 918 1692 ad
947 1652 1077 1691 sidera
1096 1651 1286 1700 frontem,
1480 1651 1558 1688 625

272 1730 360 1769 Mox
380 1727 480 1768 freta
497 1727 579 1767 lata
600 1732 718 1767 tuens
739 1741 746 1765 :
777 1741 794 1763 (ι
813 1724 985 1765 Veniam
1006 1729 1060 1774 te⁷
1079 1723 1280 1776 Juppiter‚
1302 1721 1449 1774 inquit,

271 1803 586 1853 Neptunumque
615 1804 772 1851 patrem
795 1803 915 1850 atque
935 1796 1073 1837 omnia
1093 1796 1263 1836 numina
1284 1795 1451 1848 supplex

272 1875 483 1925 Deprecor,
504 1870 691 1912 infandas
716 1870 850 1923 Libya}
874 1869 1086 1922 prohibete
1108 1868 1263 1918 ruinas,

271 1948 402 1998 Atque
431 1956 551 1985 omen
571 1943 782 1997 prohibete
803 1944 973 1984 malum.
993 1942 1088 1983 Mihi
1110 1941 1238 1982 inulta
1263 1940 1399 1981 videre

271 2018 362 2058 Vita
387 2016 496 2057 dedit
515 2015 656 2069 longos
676 2015 756 2056 hue
776 2016 1009 2056 continuata
1030 2027 1098 2067 per
1123 2025 1266 2054 annos.
1478 2014 1557 2052 630

273 2092 386 2130 Nune
405 2093 555 2129 tremor
578 2088 733 2128 invadit
752 2092 949 2138 mentem,
971 2086 1243 2138 timidumque
1267 2090 1452 2126 senectus

274 2160 417 2203 Efficit.
444 2162 529 2202 Heu
552 2165 701 2214 quanto
725 2160 911 2201 stetimus
928 2159 1160 2200 discrimine
1181 2162 1319 2199 eontra

322 2324 398 2356 619.
420 2322 462 2357 Et
479 2331 536 2355 ora
557 2323 591 2355 in
611 2323 664 2355 ed.
686 2322 775 2362 Bas„
796 2322 989 2364 habitusque
1007 2322 1040 2354 in
1056 2321 1210 2354 omnibus
1232 2329 1295 2352 ms.

322 2382 398 2412 620.
419 2379 511 2413 Arvis
533 2380 566 2412 in
588 2381 639 2412 ed.
663 2379 753 2418 Bas„
774 2380 877 2411 armis
894 2379 925 2410 in
947 2379 1099 2411 omnibus
1120 2388 1182 2410 ms.

319 2440 396 2470 623.
419 2437 532 2470 Hicin
548 2438 599 2469 ed.
615 2437 705 2476 Bas,
727 2437 803 2469 hinc
822 2436 855 2468 in
874 2445 934 2468 ms.
959 2437 996 2475 Α,
1013 2437 1050 2476 B,
1066 2436 1102 2474 C,
1125 2436 1162 2468 D.

321 2497 396 2527 629.
423 2493 548 2529 Cuncta
568 2503 626 2537 pro
648 2494 752 2526 mulla
773 2493 807 2525 in
826 2503 886 2525 ms.
910 2494 947 2524 Α.
