1865 2959
849 166 1014 200 -5-

290 251 374 293 cha
392 250 560 308 primos
578 249 787 292 carminis
809 248 946 292 libros
963 248 1195 300 factitaret,
1215 262 1267 293 eo
1293 250 1484 307 majores
1511 249 1567 294 do

290 327 378 370 illis
416 340 620 369 rumores
659 325 907 378 excitabat,
949 325 1070 383 quod
1110 340 1186 370 eos
1225 326 1411 370 consilio
1452 326 1566 371 forte

291 403 430 447 oculis
453 403 656 446 omnium
677 406 896 446 averteret
914 418 924 454 ;
946 402 1006 445 ita
1024 406 1072 445 ut
1090 416 1268 447 carmen
1291 402 1417 454 illud,
1445 403 1565 460 quod

289 480 493 524 nondum
514 479 686 523 editum
715 483 842 524 erant
870 480 1032 531 mirati,
1059 480 1373 537 imperfectum
1399 480 1561 533 adhuc,

289 572 345 601 ne
374 558 606 615 cognitum
633 557 816 614 quidem
848 557 1020 600 sincera
1046 556 1135 601 fide
1159 557 1320 601 eruditi
1348 558 1429 602 viri
1455 558 1564 602 cele-

288 635 483 679 brarent.
525 636 624 692 Ipse
659 638 811 678 autem
848 634 1010 678 litteris
1046 634 1217 678 occulte
1249 634 1478 678 laborabat
1516 639 1565 679 ut

289 713 372 756 sibi
406 712 578 770 poetica
606 713 757 756 laurea
788 712 1082 770 contingeret.
1108 712 1341 755 Horatium
1375 713 1494 756 enim
1522 716 1565 756 et

288 790 525 848 Virgilium
549 790 654 833 olim
674 790 824 834 laurea
841 789 1031 833 donatos
1050 803 1149 834 esse
1172 789 1217 832 in
1237 789 1449 847 Capitolio
1467 789 1564 834 sine

287 868 378 911 ullo
400 871 519 911 certo
547 871 726 912 auctore
751 866 936 924 quidem
958 866 1184 911 credebat.

342 946 362 988 J
367 960 438 988 am
453 959 642 1003 quaeque
657 945 712 988 ad
728 958 776 988 se
794 945 970 989 trahere
984 945 1100 987 lianc
1111 945 1360 988 Petrarchae
1375 945 1564 1003 gloriam

286 1023 513 1066 certabant
539 1022 676 1066 Gallia
700 1026 742 1066 et
774 1022 911 1075 Italia,
943 1022 1261 1080 petitoriasque
1294 1022 1464 1066 litteras
1486 1036 1561 1066 eo-

287 1100 389 1144 dem
412 1099 482 1143 die
509 1100 676 1157 accepit
699 1100 773 1143 ille
793 1103 835 1143 et
857 1114 880 1143 a
908 1100 1073 1144 Senatu
1093 1101 1293 1144 Romano
1313 1104 1356 1144 et
1377 1100 1432 1143 ab
1451 1100 1561 1144 Uni-

285 1178 494 1222 versitate
515 1178 765 1227 Parisiensi,
800 1181 851 1221 ut
883 1177 937 1220 ab
968 1181 1158 1235 utroque
1181 1182 1470 1221 coronaretur
1488 1177 1555 1223 (1).

286 1256 482 1299 Primum
508 1255 617 1313 quid
639 1255 811 1298 consilii
835 1258 1010 1313 caperet
1045 1254 1089 1297 in
1117 1255 1286 1298 incerto
1319 1254 1491 1307 hahuit,
1519 1259 1563 1299 et

285 1347 384 1377 sese
417 1333 533 1376 ultro
568 1333 758 1390 Syphaci
779 1332 1052 1384 conferebat,
1076 1332 1150 1389 qui
1171 1331 1332 1376 eodem
1361 1336 1562 1391 tempore

298 1413 435 1454 {omre
449 1414 493 1454 et
509 1410 787 1468 Carthaginis
805 1411 851 1453 in
867 1410 1107 1454 amicitiam
1116 1413 1364 1454 vocaretur.
1386 1411 1556 1464 Postea,

284 1488 527 1531 amicorum
573 1488 834 1532 auctoritate
870 1502 978 1531 usus
994 1524 1003 1539 ,
1044 1487 1101 1531 ad
1143 1488 1407 1546 Capitolium
1423 1524 1433 1540 ,
1472 1503 1560 1546 quo

283 1565 424 1622 Scipio
447 1565 541 1623 ipse
562 1565 702 1609 victor
729 1564 1005 1617 ascenderat,
1035 1565 1188 1609 oculos
1218 1566 1357 1619 flexit,
1382 1565 1561 1624 gavisus

282 1643 486 1700 insuper,
533 1642 655 1700 quod
690 1643 879 1700 patriam
914 1643 1100 1686 haberet
1136 1644 1293 1701 priscae
1324 1644 1370 1687 in
1406 1647 1560 1702 poetas

281 1719 588 1763 admirationis
609 1734 859 1765 memorem
885 1724 1018 1778 atque
1038 1720 1340 1765 imitatricem.

341 1798 593 1854 Antequam
621 1802 772 1842 autem
804 1798 1090 1856 triumphans
1120 1798 1284 1842 Urbem
1320 1798 1468 1852 iniret,
1504 1799 1559 1843 ad

282 1874 540 1927 Robertum,
562 1875 959 1934 Neapolitanorum
983 1889 1154 1933 regem,
1194 1875 1278 1927 cui,
1309 1875 1559 1920 litterarum

283 1952 449 1996 scilicet
465 1952 629 1996 fautori
653 1953 959 2011 singularique
978 1953 1136 2006 amico,
1156 1953 1325 2011 primos
1341 1957 1497 2008 Africae
1511 1955 1558 1998 li-

281 2030 385 2073 bros
409 2031 629 2084 recitaret,
648 2045 834 2089 pergere
855 2032 1022 2075 statuit.
1045 2032 1244 2090 Benigne
1267 2035 1499 2091 acceptum
1516 2037 1559 2077 et

281 2108 434 2151 effusis
454 2108 663 2152 laudibus
687 2110 967 2153 cumulatum
982 2123 1059 2154 rex
1074 2110 1369 2154 vehementer
1385 2111 1559 2168 rogavit

281 2188 329 2227 ut
346 2185 391 2228 in
411 2185 551 2243 ipsius
564 2187 746 2231 nomine
765 2201 944 2231 carmen
972 2190 1176 2245 optatum
1192 2191 1438 2246 appareret.
1463 2188 1556 2238 Quo

280 2262 410 2313 facto,
441 2262 812 2322 disceptationem
844 2265 1069 2323 publicam
1106 2269 1158 2308 cle
1189 2269 1314 2309 omni
1345 2271 1392 2308 re
1416 2267 1558 2308 scibili

323 2437 369 2476 (1)
393 2435 483 2468 Fam.
509 2444 552 2475 lv,
576 2440 605 2468 4.
