1865 2959
799 251 843 257 -
869 231 891 266 3
920 251 961 257 .-

245 315 313 358 nis
339 314 511 366 adhuc,
542 314 641 358 rudi
680 314 861 372 quidem
902 327 1033 366 voce,
1070 313 1125 356 ad
1153 327 1201 357 se
1239 314 1412 358 vocavit
1447 313 1509 360 (1).

303 386 448 430 Semel
469 390 512 430 et
539 386 700 444 saepius
727 386 821 443 ipse
855 385 1006 430 retulit
1041 385 1275 429 Petrarcha
1301 386 1516 443 quemad-

244 463 427 507 modum
463 477 641 507 curmen
677 463 797 506 istud
831 463 1056 521 suscipere
1088 463 1325 506 consilium
1352 464 1514 515 inierit,

243 544 397 599 postea
425 540 708 599 disposuerit.
733 541 896 598 quibus
917 541 1050 585 etiam
1072 541 1205 584 variis
1221 541 1513 599 temporibus,

242 618 413 677 impetu
433 618 628 676 quodam
655 619 807 670 animi,
832 618 1072 676 scripserit.
1105 618 1217 661 Tum
1250 619 1449 675 quinque
1475 622 1518 661 et

246 695 424 753 triginta
454 709 597 739 annos
617 700 749 739 natus
773 697 826 752 (a.
853 698 1135 752 mcccxxxix‘),
1158 695 1203 738 in
1223 709 1304 739 suo
1324 696 1519 739 solitario

243 767 379 810 Vallis
401 767 569 811 Clausae
589 767 830 825 hospitiolo
852 766 1016 811 latebat
1032 783 1043 819 ;
1071 780 1218 824 neque
1238 770 1389 810 tamen
1413 767 1521 810 Lau-

243 858 302 888 ree
318 845 570 897 immemor,
587 845 632 888 in
646 846 1023 903 contemplatione
1037 845 1152 888 ruris
1164 848 1297 902 atque
1309 845 1354 888 in
1371 844 1518 888 studio

243 927 446 967 veterum
459 923 734 975 versabatur,
748 937 887 980 quum
902 923 1066 975 subito,
1082 926 1207 966 sexta
1219 922 1327 965 feria
1339 922 1519 980 majoris

244 1000 566 1051 lmbdomadae,
598 1000 707 1044 (lum
740 1004 862 1044 trans
897 1004 1076 1044 montes
1108 999 1231 1043 solus
1266 1003 1516 1057 vagaretur,

244 1079 329 1122 hoc
364 1078 603 1121 consilium
638 1079 789 1122 nescio
824 1092 912 1135 quo
950 1078 1129 1121 afflante
1157 1078 1359 1129 numine,
1387 1077 1521 1134 coepit

243 1156 493 1213 Scipionem
508 1155 646 1199 latino
659 1159 865 1214 poemate
881 1154 1323 1199 celehrareXixduin
1333 1153 1520 1197 domum

242 1247 462 1287 reversus,
486 1247 626 1290 quum
640 1248 752 1291 opus
774 1233 1025 1291 promptius
1041 1236 1307 1290 conceptum
1328 1231 1516 1289 impigre

242 1325 481 1370 aggressus
518 1315 599 1361 est,
631 1311 795 1369 quippe
829 1311 902 1368 qui
930 1309 1201 1368 jamdudum
1232 1308 1520 1352 inclinatione

243 1389 380 1433 animi
398 1389 443 1431 in
467 1389 733 1447 Scipionem,
759 1392 914 1446 utpote
946 1389 1251 1432 Romanorum
1272 1386 1519 1429 maximum

242 1466 404 1509 ducem
437 1466 900 1523 honestissimumque
934 1466 1078 1509 civem
1105 1463 1419 1523 propenderet.
1451 1462 1519 1506 ld-

243 1544 356 1587 circo
376 1548 498 1588 tanto
520 1543 678 1588 ardore
692 1544 848 1601 primis
871 1542 1029 1587 diebus
1048 1541 1279 1600 flagrabat,
1302 1545 1516 1598 tantoque

287 1769 332 1808 (t)
373 1767 473 1807 Urget
493 1775 585 1797 amor
603 1766 723 1804 Musae‚
746 1764 902 1805 quoniam
922 1765 1017 1796 modo
1037 1764 1145 1796 littore
1166 1764 1198 1795 in
1218 1764 1288 1795 asro

371 1824 539 1855 Sidereum
556 1823 724 1864 juvenem,
745 1823 961 1864 genitumque
980 1832 1018 1853 ex
1039 1822 1141 1862 stirpe
1162 1822 1298 1853 deorum

375 1881 472 1911 Fama
491 1880 603 1917 refert,
626 1879 753 1920 mugnis
774 1879 967 1919 implentem
987 1888 1107 1919 pascua
1127 1878 1232 1909 factis.

375 1937 429 1973 Te,
452 1937 660 1977 Polypheme,
683 1936 745 1966 tuis
762 1935 828 1976 jam
849 1935 1063 1967 constravisse
1085 1936 1143 1965 snb
1157 1934 1266 1966 vntris

374 1993 508 2029 Dicitur,
530 1997 561 2024 et
581 1993 717 2033 Libycos
737 1992 826 2023 silvis
848 1992 1012 2032 pepulisse
1029 1993 1154 2029 leones,

376 2051 555 2089 Lustraque
575 2049 747 2081 submissis
768 2049 876 2080 audax
898 2048 1071 2080 incendere
1092 2049 1243 2080 flammis.

376 2106 466 2137 Hunc
488 2106 586 2137 simul
607 2105 801 2145 Italidesque
823 2115 938 2142 nurus,
960 2105 1132 2145 puerique,
1154 2114 1315 2144 senesque

374 2163 507 2194 Attoniti
527 2164 662 2194 adverso
683 2162 829 2194 certatim
851 2172 869 2193 a
891 2162 998 2193 littore
1018 2163 1163 2193 laudant.

374 2220 527 2251 Carmine
547 2220 632 2251 fama
654 2229 747 2251 sacro
767 2223 855 2251 caret
876 2221 1035 2251 hactenus
1058 2223 1091 2251 et
1107 2229 1165 2250 sua
1186 2219 1290 2250 virtus

375 2277 511 2308 Praemia
527 2277 696 2318 deposeit3
719 2277 869 2317 pavitans
892 2286 952 2318 ego
972 2277 1118 2308 carmina
1137 2276 1220 2317 coepi

375 2335 496 2366 Texere
503 2357 570 2365 .....

551 2391 600 2431 (F.
621 2391 826 2421 PETRARCHAE
846 2389 964 2431 Ecloya
985 2398 1010 2428 ι,
1028 2391 1058 2421 ἰη
1079 2391 1157 2428 tine,
1179 2391 1230 2421 ed.
1253 2389 1417 2427 Rossetti.)

289 2448 410 2479 Eorum
430 2447 679 2488 allegoricorum
701 2456 876 2485 versuum,
896 2447 953 2486 qui
973 2448 1012 2478 ad
1033 2447 1215 2487 Scipionem
1236 2448 1405 2486 spectant,
1426 2454 1518 2476 arca-

247 2514 319 2536 num
342 2504 445 2544 aperit
465 2503 736 2544 significationem
755 2504 927 2536 reti—archa
948 2505 1017 2543 ipse
1040 2504 1071 2534 in
1096 2502 1187 2535 Fam.
1209 2511 1242 2540 x,
1266 2505 1295 2535 [ι.
