1865 2959
830 194 970 230 —250
999 216 1039 222 -

293 276 402 317 Illius
422 289 465 318 ac
486 278 620 318 dulces
641 279 782 331 cupide
802 279 876 319 sibi
896 279 1045 332 fingere
1069 280 1222 330 vultus,

292 349 458 401 Fingere
483 350 694 403 colloquia,
717 356 754 390 et
776 352 896 392 Latiis
915 353 1010 404 quid
1031 365 1172 405 passus
1197 354 1239 393 in
1261 353 1368 393 arvis
1551 356 1575 393 5

293 421 458 472 Audire,
483 427 521 462 et
542 423 724 475 proprios
744 422 855 463 fratri
879 435 1040 464 narrare
1062 425 1236 474 labores3

294 496 417 546 Inque
439 494 512 533 sibi
532 494 699 535 infestos
721 494 855 535 ulcisci
874 496 915 535 in
935 500 1114 548 tempore
1131 497 1251 546 cives,

292 567 533 606 Hannonem
553 572 646 606 ante
672 566 770 606 alios
795 581 802 606 :
828 567 931 607 acies
953 567 1050 607 dum
1070 574 1207 608 niente
1227 568 1460 621 frequenter

294 638 474 687 Instruit,
503 643 622 690 atque
643 638 825 690 equitum
847 639 1065 678 circumdat
1097 651 1260 689 cornua,
1285 651 1442 691 semper

290 710 537 750 Germanum
558 711 741 757 armavit,
762 710 972 762 primaque
991 711 1032 750 in
1047 710 1178 751 fronte
1198 711 1357 751 locavit.
1525 713 1574 750 10

288 784 408 834 Spem
437 794 596 834 quoque
625 794 920 834 nonnunquam
945 795 1060 822 niens
1082 783 1345 823 immoderata
1368 787 1568 823 vetustam

291 853 458 894 Rettulit
480 853 653 905 imperii,
675 865 763 893 caro
788 859 884 894 tunc
907 854 1073 906 grandia
1094 854 1221 903 t'raitri,

291 925 521 978 Italiamque
543 925 652 965 dedit
673 932 844 977 partein,
867 938 1083 978 regemque
1111 927 1280 976 vocavit,

289 999 419 1050 Atque
439 997 695 1050 supervacuis
722 998 885 1050 ignarus
906 1004 1066 1051 pectora
1086 999 1168 1038 veri

292 1069 489 1121 lniplicuit
508 1069 612 1108 curis
640 1084 647 1108 :
671 1069 841 1110 volucris
862 1070 971 1110 velut
996 1070 1112 1109 unxia
1134 1070 1229 1109 nido
1527 1071 1576 1109 15

292 1141 440 1181 Pabula
458 1142 552 1180 dum
575 1141 767 1192 cumulet,
795 1142 963 1182 inemori
986 1147 1194 1195 torquetur
1219 1154 1368 1191 amore,

291 1213 546 1265 Assiduoque
575 1212 712 1253 fremit
737 1214 886 1263 studio,
910 1219 945 1253 et
967 1214 1229 1266 suspenditur
1247 1214 1333 1261 ulis,

290 1287 390 1326 Cum
411 1291 548 1326 tamen
572 1286 726 1326 interea
746 1286 904 1338 generis
926 1298 1038 1338 spem
1063 1286 1164 1327 forte
1189 1286 1389 1338 malignus

290 1357 512 1398 Abstulerit
532 1364 649 1398 natos
669 1370 713 1398 ac
728 1359 973 1398 incunabula
996 1364 1146 1411 pastor.

291 1432 379 1470 Non
402 1430 541 1483 procul
561 1430 800 1470 Hannibalis
821 1430 995 1471 distabat
1019 1443 1160 1471 cursus
1182 1430 1229 1471 ab
1250 1429 1344 1471 Afro
1526 1432 1577 1470 20

290 1502 454 1551 Littore,
477 1514 569 1542 cum
587 1503 728 1554 jussus
750 1502 898 1554 raptim
917 1501 1075 1555 fastigia
1095 1503 1191 1542 mali

291 1575 434 1614 Navita
453 1575 700 1623 conscendit,
724 1586 845 1627 quani
867 1575 1002 1615 classis
1023 1576 1236 1627 prenderet
1256 1587 1366 1615 oram

292 1645 477 1694 visurus,
502 1657 742 1698 summoque
767 1647 911 1686 sedens
932 1646 973 1685 in
994 1647 1141 1686 vertice
1162 1646 1259 1698 ligni
1284 1660 1292 1685 :

300 1732 316 1754 «
338 1717 492 1767 Diruta,
515 1718 741 1770 respondit,
763 1724 990 1770 spectamus
1013 1730 1106 1758 saxa
1128 1718 1314 1771 sepulcri,

291 1791 377 1828 Huc
398 1794 503 1829 retro
525 1789 738 1842 impellens
763 1789 839 1829 sert
860 1795 1004 1830 ventus
1024 1790 1183 1830 tramite
1203 1802 1363 1842 prorum
1526 1791 1577 1829 ⁶25

291 1861 461 1902 Tristior
482 1862 663 1914 augurio.
683 1885 735 1890 —
761 1862 927 1902 Clavum
949 1874 1056 1914 rege,
1079 1862 1242 1901 carbasa
1258 1861 1387 1907 volve,

291 1932 420 1972 Flecte
443 1933 564 1983 viam,
586 1945 830 1985 cursumque
848 1933 923 1974 alio
945 1933 1194 1983 melioribus,
1215 1933 1362 1985 inquit,

291 2005 490 2057 Auspiciis
517 2005 710 2058 detorque
732 2018 882 2046 nieuin.
904 2021 921 2043 »
952 2008 1058 2046 Tum
1073 2007 1187 2058 jussa
1209 2005 1386 2058 magistri

339 2140 390 2170 1“-.
414 2139 513 2170 Italia
530 2138 563 2170 in
581 2140 619 2170 ed
637 2139 725 2176 Bas„
747 2139 879 2170 ltaliam
897 2139 930 2170 in
951 2148 1015 2170 ms.
1037 2140 1074 2170 A.

339 2197 392 2228 15.
415 2196 564 2238 Implevit
584 2196 616 2227 in
633 2206 693 2227 ins.
714 2197 766 2234 A„
783 2197 943 2238 implicuit
965 2196 997 2227 in
1013 2196 1086 2227 aliis
1101 2204 1162 2227 ms.
1186 2198 1218 2227 et
1237 2195 1276 2227 ed
1300 2195 1374 2226 Bas.

341 2256 394 2284 1⁸.
414 2253 475 2286 Cui
496 2263 552 2294 pro
572 2263 646 2284 cum
668 2254 701 2284 in
722 2263 781 2285 ms.
807 2254 841 2290 B,
858 2254 892 2291 C,
912 2255 948 2285 D.

340 2312 394 2342 19.
416 2310 460 2342 Ac
476 2311 508 2341 in
524 2319 584 2341 ms.
600 2312 638 2345 Α,
659 2311 807 2351 atquem
823 2311 895 2341 aliis
916 2320 976 2342 ins.
995 2313 1026 2342 et
1046 2311 1098 2341 ed.
1119 2310 1191 2341 Bas.

340 2370 390 2398 21.
420 2367 558 2408 Vestiam
579 2367 612 2398 in
631 2369 683 2399 ed.
705 2368 794 2405 Bas„
812 2367 945 2408 fastigia
963 2368 995 2399 iu
1015 2367 1164 2399 omnibns
1181 2375 1244 2397 ms.

340 2427 395 2456 24.
413 2424 551 2466 Dirupta
572 2424 603 2455 in
624 2426 675 2456 ed.
698 2425 787 2463 Bas„
809 2424 920 2456 diruta
940 2425 973 2455 in
995 2434 1056 2455 nis.
1077 2425 1114 2462 A,
1137 2424 1171 2459 E,
1187 2423 1221 2454 1⁴¹.

341 2484 394 2514 25.
417 2481 515 2515 Recto
532 2481 565 2513 in
585 2482 638 2514 ed.
659 2482 748 2520 Bas„
764 2484 849 2514 retro
868 2481 902 2514 in
921 2491 979 2512 lnS.
997 2483 1035 2520 A,
1054 2481 1092 2520 Β,
1107 2482 1142 2520 C,
1165 2482 1202 2511 D.
