1865 2959
890 295 931 301 -
958 276 1026 310 3⁹24
1053 295 1095 301 —

354 355 496 396 Elusos
515 357 676 407 totiens,
698 357 868 408 ¹{geminis
889 358 962 398 hoc
983 358 1148 411 insuper
1169 371 1249 399 uno

355 428 526 469 Urbibus
546 434 742 469 :eternum
761 430 998 483 populisque
1018 430 1173 471 auferre
1195 444 1396 484 pavorem.

349 500 491 540 Nullus
511 501 642 541 adhuc
661 501 818 553 Libycis
839 501 1001 554 elephas
1020 502 1202 542 mitescat
1220 503 1261 542 in
1285 503 1364 543 oris

348 573 498 624 Aptum
520 572 668 612 animal
688 572 817 620 bellis,
841 578 880 613 et
900 585 1000 625 quos
1021 573 1235 614 domuistis
1255 574 1304 614 ad
1326 586 1452 615 unum

347 644 521 684 Tradite.
545 644 648 693 Quin
670 645 793 685 etiam
819 645 975 685 violatis
1002 645 1109 697 pacis
1130 645 1171 685 in
1192 646 1336 686 umbra

345 716 500 767 Legatis
525 716 635 757 illata
658 717 791 769 palam
812 717 986 757 convitia
1006 717 1151 769 dignus

344 788 490 828 Penset
516 788 673 838 honos;
698 794 820 841 captae
840 789 1004 829 redeant
1024 788 1100 829 hoc
1124 788 1255 830 littore
1276 802 1412 831 naves.

342 861 491 900 Caetera
509 861 748 901 convenient
766 860 880 902 facile
901 865 940 901 et
963 861 1036 901 sub
1059 861 1213 913 legibus
1237 862 1366 903 isdem

340 933 445 980 Quas
466 932 562 972 olim
581 934 702 984 edixi,
725 946 816 974 cuin
839 945 903 973 me
926 933 1000 973 sub
1022 933 1188 973 nomine
1209 934 1318 986 pacis

337 1004 492 1045 Ludere
516 1005 699 1055 venistis,
725 1017 800 1046 nec
822 1017 897 1045 nos
919 1004 1080 1045 fortuna
1102 1004 1250 1045 levabit

336 1075 488 1116 Blanda
506 1088 580 1117 nec
599 1077 780 1130 asperior
801 1077 971 1130 franget.
994 1079 1075 1117 Vos
1093 1078 1170 1117 ista
1189 1077 1334 1118 referte

335 1148 520 1188 Patribus
541 1160 584 1189 ac
603 1148 768 1201 populo,
791 1153 830 1189 et
856 1149 886 1188 si
913 1161 1072 1201 semper
1090 1148 1224 1189 fallere
1249 1149 1363 1189 dulce
1385 1155 1458 1199 est,

332 1221 552 1260 Fortunam
579 1225 732 1261 tentate
753 1221 914 1262 iterum.
938 1237 955 1258 n
984 1222 1048 1261 Sic
1068 1220 1134 1261 ille
1153 1226 1345 1274 paventes

332 1291 503 1333 Affatus.

331 1364 436 1405 Urbe
455 1365 578 1406 miser
597 1366 752 1418 trepida
778 1366 924 1418 populo
948 1366 1129 1407 variante
1150 1366 1350 1407 tumultus

329 1438 532 1488 Exoritur,
557 1437 789 1491 discorsque
814 1439 881 1479 diu
907 1439 1133 1479 sententia:
1157 1439 1320 1479 tandem

327 1510 472 1549 Omnia
490 1510 716 1562 suscipiunt
736 1511 871 1551 tristes
890 1522 900 1560 ;
924 1510 979 1550 sic
998 1510 1079 1550 fata
1092 1510 1290 1563 jubebant

326 1581 488 1621 Ultima.
510 1582 732 1622 Condensis
751 1582 924 1622 volucris
954 1594 1025 1623 ceu
1050 1582 1240 1635 vepribus
1263 1583 1423 1623 haerens

320 1653 560 1705 Accipitrem
582 1659 909 1706 superastantem
930 1655 1038 1695 videt
1060 1655 1193 1705 anxia,
1220 1667 1294 1695 nec
1316 1668 1355 1695 se

1552 649 1630 687 665

1545 1009 1623 1048 670

1537 1370 1615 1408 675

319 1727 428 1765 Ausa
449 1737 608 1766 movere
628 1726 729 1776 loco,
756 1727 906 1778 patitur
922 1727 1195 1779 laqueumque
1223 1739 1472 1780 manumque
1529 1730 1606 1767 1580

316 1798 494 1849 Aucupis
516 1811 524 1836 :
556 1797 800 1850 impendens
835 1798 938 1839 tanti
959 1803 1020 1838 est
1040 1798 1198 1838 differre
1220 1799 1412 1851 periclum
1434 1800 1442 1838 !

315 1868 450 1909 Altera
470 1870 706 1910 Romuleam
731 1870 874 1923 legatio
904 1871 1034 1911 tendit
1053 1871 1103 1911 ad
1127 1870 1270 1911 urbem

318 1943 539 1983 Poenorum
560 1957 569 1993 3
594 1943 782 1996 princeps
802 1943 887 1983 noti
909 1943 1162 1995 cognominis
1182 1943 1330 1983 Haedus

315 2014 544 2054 Hasdrubal
566 2014 819 2068 infestusque
841 2015 966 2056 armis
991 2020 1030 2056 et
1050 2015 1156 2067 pacis
1177 2020 1346 2064 amator,

314 2085 385 2125 Vir
408 2087 488 2127 vita
507 2087 699 2140 senioque
729 2087 876 2140 gravis,
899 2087 1077 2140 facieque
1102 2087 1304 2128 verendus

355 2227 431 2257 663.
453 2225 503 2257 Ad
521 2226 588 2258 hoec
605 2227 814 2258 emendatum
836 2226 866 2257 in
883 2225 989 2258 adhue
1006 2225 1038 2257 in
1060 2235 1120 2256 ms.
1143 2226 1181 2256 Α.

352 2283 430 2314 666.
451 2282 513 2314 Illa
530 2282 561 2314 in
576 2283 629 2314 ed.
645 2283 735 2322 Bas.‚
754 2282 850 2314 illata
870 2283 903 2314 in
924 2282 1076 2314 omnibus
1096 2291 1159 2314 ms.

351 2340 427 2370 673.
454 2338 591 2371 Tentare
612 2339 642 2371 in
665 2340 717 2371 ed.
739 2340 826 2377 Bas„
851 2342 976 2371 lentate
997 2339 1029 2371 in
1053 2347 1113 2370 ms.
1137 2339 1176 2376 Α,
1199 2338 1235 2375 B,
1254 2337 1289 2376 C,
1312 2338 1350 2376 D,
1372 2338 1405 2369 E.

350 2398 426 2428 678.
446 2396 574 2428 Haerenl
597 2397 629 2428 in
645 2398 698 2428 ed.
720 2397 808 2433 Bas..
831 2396 955 2427 hoerens
973 2395 1005 2426 in
1026 2396 1178 2427 omnibus
1197 2405 1257 2426 ms,

1519 2088 1598 2127 685

348 2455 424 2485 683.
447 2454 481 2486 In
503 2455 653 2496 margine
674 2464 734 2486 ms.
755 2455 801 2485 A:
828 2454 922 2485 Posui
941 2453 1050 2493 fuerat
1069 2457 1202 2493 propter
1214 2461 1361 2484 versum.
1381 2452 1461 2483 Dein
1484 2452 1589 2483 deleta

301 2510 409 2549 lectio,
431 2514 463 2542 et
483 2521 582 2551 supra
602 2512 684 2543 noti.

347 2568 423 2599 685.
451 2567 510 2601 Via:
528 2567 559 2599 in
581 2569 633 2599 ed.
657 2569 746 2607 Bas.,
766 2567 814 2599 vir
834 2567 867 2599 in
885 2566 1037 2599 omnibus
1059 2575 1120 2598 ms.
