1865 2959
900 319 943 324 —
971 299 1039 334 :338
1069 319 1110 324 -—-

365 383 492 424 Edere
513 382 765 436 praecipiunt.
789 385 927 423 Lectos
945 383 1053 423 dedit
1074 382 1140 423 ille
1163 388 1377 435 trecentos,
1571 389 1648 426 985

361 457 468 504 Quos
491 455 620 507 posito
643 454 826 508 squalore
849 456 940 508 pius
963 454 1170 508 facilisque
1191 461 1353 496 senatus

362 529 406 566 ln
425 527 591 579 Libyam
611 526 788 578 perferre
797 526 929 579 jubet,
948 527 979 566 si
1001 526 1149 567 foedera
1163 527 1273 578 pacis

359 599 493 639 Firma
506 598 639 639 forent
659 598 782 638 nullis
798 598 938 651 pretiis
958 610 1028 650 pro
1050 610 1219 639 munere
1239 599 1323 639 solo

359 671 602 711 Reddendos
627 670 782 723 patriae.
804 670 965 711 Cunctis
994 670 1049 710 sic
1069 670 1141 710 rite
1164 671 1349 723 peractis,

358 743 584 784 Hasdrubal
603 743 744 783 invisze
764 743 969 796 quondam
990 754 1098 782 nunc
1118 742 1267 782 moenia
1287 754 1385 782 carie
1563 746 1642 783 990

359 815 477 855 Urbis
501 815 629 856 amica
652 820 758 856 retro
784 814 944 855 rediens
963 814 1038 854 hac
1063 826 1159 854 voce
1181 813 1324 854 salutat
1350 828 1358 853 :

365 901 382 924 α
402 887 507 928 Urbs
531 891 690 940 accepta
708 887 817 937 Deis,
840 891 957 939 caput
979 885 1086 926 orbis
1108 891 1146 926 et
1167 886 1284 926 unica
1304 887 1445 927 mundi

358 959 507 1010 Gloria,
529 964 634 1000 terra
651 958 761 999 ferax
783 959 981 999 clarorum
1002 958 1085 998 sola
1103 958 1299 1008 virorum,

357 1032 387 1070 Ο
406 1030 534 1083 patria
554 1031 819 1084 armipotens,
838 1030 977 1071 divum
996 1030 1157 1080 domus,
1179 1029 1329 1082 optima
1347 1041 1482 1070 reruni

355 1104 497 1152 Roma⁷
526 1102 624 1142 valo.
646 1104 737 1142 Jam
759 1101 873 1142 hctus
894 1114 982 1143 eum
1006 1113 1261 1154 quocumque
1281 1101 1481 1142 vocabunt
1565 1105 1643 1142 995

352 1176 449 1215 Fata
467 1186 605 1214 senem
634 1174 731 1224 vidi,
757 1178 957 1226 quantum
980 1173 1140 1213 visurus
1160 1173 1203 1212 in
1225 1172 1320 1213 orbe

353 1248 435 1286 Hoc
455 1245 627 1286 fueram.
650 1259 670 1283 ›>
696 1245 832 1296 Dixit3
854 1250 940 1285 tum
960 1245 1136 1285 Tibridis
1156 1245 1256 1285 ostia
1279 1245 1469 1298 linquens

352 1317 518 1370 Navigat
536 1318 578 1357 in
596 1317 769 1370 patriam
788 1317 930 1367 victor,
954 1317 1189 1369 captivaque
1212 1328 1348 1357 secum

352 1390 525 1442 Agmina
543 1389 776 1430 mittuntur.
802 1390 936 1429 Liceat
959 1389 1162 1429 terrestria
1184 1388 1280 1429 coelo

352 1462 542 1514 AEquare,
569 1461 730 1502 aeternis
757 1460 955 1511 mortalia,
988 1460 1164 1500 maxima
1186 1460 1345 1512 parvis:
1537 1462 1640 1500 Ι1000

352 1532 417 1573 Sic
434 1544 555 1585 prope
576 1533 825 1573 descendens
843 1533 941 1574 coelo
964 1545 1036 1573 sua
1054 1531 1187 1572 vincla
1208 1531 1372 1572 resolvit

351 1604 526 1657 Captivis
547 1604 712 1657 antiqua
728 1609 870 1657 potens
892 1609 931 1644 et
961 1606 1127 1644 Tartara
1150 1603 1265 1656 fregit

351 1677 456 1716 Voce
475 1678 596 1727 Deus,
621 1688 757 1717 secum
779 1677 823 1716 in
843 1677 1012 1730 patriam
1031 1677 1262 1717 miseranda
1284 1676 1479 1717 reducens

350 1749 523 1801 Agmina
548 1754 587 1789 et
607 1748 825 1789 exhaustas
842 1748 973 1801 longis
999 1748 1242 1788 cruciatibus
1267 1748 1446 1789 umbras.

349 1821 480 1873 Scipio
500 1820 661 1873 pacifico
687 1820 927 1861 redeuntem
951 1820 1117 1874 suscipit
1142 1832 1223 1860 ore.
1534 1821 1638 1859 1005

349 1893 430 1931 Pax
450 1891 608 1944 populis
628 1891 878 1944 ducibusque
899 1892 1027 1945 placet
1046 1892 1154 1933 foedn
1165 1904 1262 1945 sque
1281 1892 1423 1932 feritur

348 1965 453 2004 Ante
472 1976 561 2004 aras
588 1969 791 2017 testesque
815 1966 932 2010 Deos,
959 1975 1151 2016 caesaeque
1174 1963 1344 2004 litantur

347 2036 474 2088 Terga
496 2036 594 2085 suis,
617 2036 845 2089 dextraeque
868 2037 1018 2077 ducum
1032 2038 1261 2089 jiiuguntur
1280 2036 1469 2076 inernies.

394 2247 468 2278 985.
497 2245 668 2280 Trecentos
687 2256 772 2280 corr.
788 2257 848 2288 pro
868 2247 1023 2281 ducentos
1043 2248 1076 2280 in
1098 2257 1160 2280 ms.
1183 2250 1221 2280 A.

394 2305 471 2335 987.
495 2304 654 2345 Praeferre
673 2305 704 2336 in
726 2306 779 2337 ed.
795 2306 885 2343 Bas„
902 2306 1051 2348 perferre
1068 2306 1101 2337 in
1117 2305 1267 2337 omnibus
1285 2314 1345 2337 ms.

392 2363 470 2392 992.
494 2360 594 2394 Unica
614 2372 698 2394 corr.
721 2371 780 2403 pro
799 2362 918 2403 inclyta
937 2362 970 2394 in
992 2372 1052 2394 ms,
1081 2363 1117 2394 A.

395 2419 470 2449 994.
498 2417 641 2460 Tumque
660 2428 677 2450 ο
696 2419 729 2450 in
748 2419 802 2451 ed.
823 2419 911 2456 Bas.⁷
935 2419 1045 2451 divum
1066 2419 1098 2450 in
1117 2418 1268 2451 omnibus
1289 2428 1351 2451 ms.

395 2475 495 2506 1004.
517 2474 709 2508 Exhaustus
730 2476 763 2507 in
783 2476 837 2508 ed.
859 2476 949 2514 Bas..
971 2476 1148 2508 eoehauslas
1168 2477 1201 2508 in
1224 2476 1377 2508 omnihus
1391 2485 1451 2508 ms.

392 2534 490 2563 1006.
513 2531 660 2565 Ferilum
678 2533 711 2564 in
729 2534 783 2565 ed.
807 2534 896 2572 Bas„
917 2532 1036 2573 feritur·
1057 2534 1088 2565 in
1108 2534 1262 2566 omnibus
1283 2543 1344 2565 ms.

392 2591 489 2621 1007.
512 2589 698 2631 Arasque...
714 2591 801 2622 caesis
816 2589 849 2621 in
871 2591 923 2621 ed.
944 2591 1031 2628 Bas..
1053 2591 1385 2632 aras...caesaeq11ein
1400 2590 1552 2622 omnibus
1569 2599 1628 2621 nis.
