1865 2959
945 275 1132 310 -34..-

388 360 440 400 At
464 370 624 411 semper
648 362 686 399 te
712 358 830 399 corde
855 370 998 411 gerens
1018 369 1319 412 properansque
1340 358 1502 409 reverti,

387 433 486 482 Rex,
510 431 586 471 iter
611 430 688 471 hoc
711 431 918 483 ingressus
944 442 1073 483 agam,
1101 435 1171 470 tua
1191 430 1367 470 maxima
1391 429 1493 470 facta

386 504 474 542 Non
496 514 618 542 ausus
643 502 819 555 tetigisse
843 503 982 555 prius;
1010 502 1136 554 magis
1160 501 1228 542 illa
1247 502 1491 553 trahebant;

386 574 464 614 Sed
484 574 631 615 tremui
653 586 718 615 me
743 578 860 627 teque
879 575 1021 614 videus
1038 579 1158 626 atque
1179 574 1315 614 omnia
1334 574 1500 615 librans.

387 646 597 698 Ingenium
616 651 771 687 tentare
789 647 904 695 libet,
926 647 959 686 si
980 645 1081 686 forte
1102 646 1289 686 secundis
1622 649 1672 687 60

385 719 557 759 Cesserit
577 719 764 771 auspiciis
783 733 791 758 :
816 719 953 759 solidis
973 724 1068 758 tunc
1089 718 1244 758 viribus
1266 718 1344 758 alta

384 791 615 843 Agwediar,
638 803 812 844 namque
829 791 914 843 ipse
933 791 1078 841 adem,
1100 803 1245 843 meque
1270 790 1403 844 ampla
1421 791 1572 832 videbit

385 862 537 915 Inclyta
556 863 808 915 Parthenope
824 863 1063 904 redeuntem
1082 863 1132 903 ad
1152 863 1302 903 mcenia
1319 875 1460 904 rursus

383 936 433 974 Et
451 936 629 975 Romana
651 935 799 976 iterum
818 934 1061 976 referentem
1081 940 1185 976 serta
1206 938 1384 976 Poetam.

383 1007 498 1046 Nunc
519 1011 678 1047 teneras
696 1006 860 1048 frondes
876 1006 1022 1048 humili
1047 1008 1095 1048 de
1116 1007 1249 1059 stipite
1269 1007 1390 1058 vulsi⁷
1621 1009 1672 1047 65

383 1078 564 1130 Scipiade
583 1079 739 1131 egregio
763 1079 915 1132 primos
931 1079 1149 1120 comitante
1173 1084 1337 1132 paratus
1355 1094 1364 1128 3

384 1150 498 1189 Tunc
517 1149 671 1191 validos
695 1162 857 1203 carpam
880 1163 1014 1191 ramos
1034 1166 1043 1201 ;
1066 1155 1110 1191 tu
1129 1163 1276 1204 nempe
1292 1151 1453 1203 juvabis

382 1221 559 1272 Materia,
581 1235 789 1274 generose,
816 1228 900 1274 tua,
920 1223 1199 1275 calamumque
1217 1223 1420 1263 labantem

383 1293 594 1345 Firmabis‚
615 1295 886 1348 meritumque
906 1296 1026 1336 decus
1044 1295 1248 1348 continget
1269 1295 1421 1335 amanti

382 1365 518 1407 Altera
536 1367 786 1420 temporibus
812 1367 1081 1420 pulcherrima
1106 1367 1242 1408 laurea
1264 1366 1427 1407 nostris.
1618 1368 1670 1406 70

436 1513 530 1560 Quae
553 1512 676 1552 tantis
697 1512 749 1552 sit
769 1524 886 1552 causa
905 1512 1038 1562 malis,
1057 1525 1145 1565 qua:
1166 1511 1288 1552 cladis
1306 1511 1413 1563 origo

383 1583 594 1633 Quaerstur,
620 1584 728 1624 unde
748 1584 887 1635 animi,
909 1584 1002 1637 quis
1019 1589 1080 1624 tot
1104 1583 1271 1624 tolerare
1296 1583 1423 1635 coegit

383 1657 490 1695 Dura
513 1660 715 1708 pererrato
739 1655 891 1696 validas
915 1655 1027 1695 furor
1045 1668 1202 1708 {equore
1227 1659 1380 1707 gentes,

382 1729 663 1780 Europamque
684 1727 793 1768 dedit
812 1727 960 1780 Libyae,
988 1727 1236 1780 Libyamque
1254 1726 1443 1767 rebellem

382 1800 566 1851 Europae,
585 1799 737 1840 alterno
758 1800 973 1840 vastandas
990 1800 1152 1840 turbine
1170 1805 1311 1840 terras.
1624 1802 1667 1839 νδ

382 1873 433 1910 At
452 1871 553 1910 mihi
571 1883 688 1911 causa
712 1872 876 1924 quidem
897 1872 1019 1912 studii
1040 1885 1122 1912 non
1140 1872 1276 1925 indiga
1292 1872 1398 1925 longi

382 1943 560 1983 Occurrit
578 1943 690 1984 radix
711 1949 949 1985 cunctorum
978 1944 1123 1985 infecta
1144 1945 1345 1985 malorum

384 2015 551 2066 Invidia,
571 2016 678 2056 unde
697 2016 830 2057 oriens
849 2022 1028 2057 extrema
1048 2017 1096 2057 ab
1115 2017 1266 2070 origine
1284 2029 1394 2057 mors
1415 2021 1475 2056 est
1493 2030 1501 2056 :

384 2089 513 2140 Atque
537 2087 665 2129 aliena
689 2089 831 2129 videns
856 2089 957 2129 tristi
983 2089 1094 2129 dolor
1119 2089 1253 2129 omnia
1275 2089 1392 2129 vultu

384 2161 576 2212 Prospera
602 2173 683 2200 non
710 2161 840 2213 potuit
866 2161 1077 2202 florentem
1102 2173 1263 2202 eernere
1286 2162 1471 2201 Romam.
1613 2162 1665 2200 80

384 2233 544 2273 AEmula
569 2233 764 2285 Carthago
793 2234 971 2285 surgenti
997 2234 1197 2274 inviderat
1221 2233 1308 2274 urbi
1332 2248 1340 2283 3

383 2305 460 2345 Sed
481 2305 639 2356 gravius
663 2306 751 2345 tulit
774 2306 867 2345 inde
889 2318 1040 2358 parem,
1064 2318 1157 2345 mox
1183 2306 1334 2345 viribus
1360 2310 1516 2346 auctam

431 2450 483 2480 61.
505 2448 635 2482 solidus
655 2450 687 2480 in
707 2451 760 2482 cd.
784 2451 873 2488 Bas„
895 2450 1006 2482 solidis
1023 2451 1055 2481 iu
1078 2450 1227 2481 omnihus
1250 2461 1308 2481 ms.

430 2508 483 2537 62.
507 2506 674 2548 Inqrediar
694 2507 726 2538 in
743 2509 796 2538 ed.
818 2507 910 2545 Bas,
931 2507 1096 2548 aqqredmf
1120 2507 1148 2537 in
1171 2507 1322 2538 omnibus
1343 2516 1406 2538 nis.

429 2564 482 2595 67.
508 2563 596 2595 Utin
617 2565 670 2595 ed.
692 2564 780 2603 Bas.‚
796 2568 831 2596 tu
849 2564 879 2595 iu
901 2564 1052 2595 omnibus
1073 2574 1134 2595 ms.
