1865 2959
831 211 1039 247 —253-

302 303 496 356 Scipiadae
512 302 719 341 occurrent
740 297 879 349 gladiis
898 309 907 344 ;
933 293 989 333 nil
1004 290 1181 332 nominis
1202 289 1281 330 illic

302 377 484 427 Majestas
501 372 669 412 valitura
696 369 801 417 duci,
824 367 880 407 nil
899 365 1027 405 forma
1046 373 1267 414 genusque,

304 445 448 486 Fabula
474 443 531 483 nil
552 448 675 491 ortus⁷
701 440 756 479 nil
778 436 1099 489 colloquiumque
1124 436 1312 473 Deorum.
1523 431 1574 468 80

303 517 462 557 Dixerat
485 514 569 553 haec
589 512 749 560 Fabius,
775 508 1045 562 quoniamque
1070 505 1111 544 id
1131 508 1261 543 morte
1281 501 1354 542 sub
1382 500 1468 552 ipsa

302 587 549 627 Vaticinatus
570 588 652 624 erat
671 581 792 622 veluti
817 589 1002 631 suprema
1020 575 1229 623 minantis,

304 659 414 699 Dicta
433 656 557 709 patris
577 653 746 694 memori
766 664 873 692 nuuc
891 649 1145 702 Jaclabantur
1161 646 1204 686 in
1228 644 1326 685 urbe

304 728 602 779 Terrebantque
623 725 779 766 animos
803 737 810 762 ε
838 721 997 762 atenim
1017 722 1101 772 jam
1122 722 1233 770 parta
1253 728 1321 769 per
1340 726 1453 766 agros

305 803 379 840 Tot
400 800 499 839 votis
520 803 652 850 optata
670 795 784 849 quies
804 793 1019 844 vultusque
1039 800 1205 830 serenus
1525 784 1576 821 85

304 871 491 913 Ausoniae
511 870 640 909 laetam
662 867 803 908 merito
826 865 1052 918 persolvere
1069 861 1228 914 plebem

304 945 405 983 Vota
419 942 563 995 jubent.
584 940 760 992 Superis.
784 941 856 977 Per
878 937 1055 989 quinque
1073 932 1211 973 altaria
1231 928 1404 970 flammis

304 1015 504 1055 Incaluere
530 1013 630 1062 dies,
651 1012 899 1061 totidemque
921 1012 1082 1047 onerata
1103 1003 1258 1045 coronis

303 1086 461 1127 Limina
475 1089 615 1125 cuncta
640 1086 769 1123 Deum
788 1079 990 1131 viridique
1017 1075 1217 1117 comantia
1239 1073 1365 1113 lauro.

304 1156 504 1198 Hannibal
525 1168 547 1196 a
562 1156 674 1207 Lepti
694 1153 859 1205 trepidis
877 1149 1107 1191 rumoribus
1132 1151 1243 1187 actus
1529 1142 1582 1180 90

306 1230 367 1269 Ad
388 1231 595 1268 Zammam
615 1225 811 1266 celerabat
830 1224 919 1263 iter.
942 1224 1110 1273 Jamque
1129 1217 1263 1258 omnia
1289 1215 1366 1255 late

305 1302 435 1353 Scipio
459 1299 652 1348 vastabat,
670 1297 820 1337 facibus
836 1298 921 1348 jam
946 1305 1039 1333 rura
1057 1291 1120 1332 vel
1140 1289 1262 1331 armis

307 1374 411 1414 Ditia
429 1371 621 1413 Romanis
642 1369 850 1410 ardebant.
880 1366 1029 1406 Ultima
1050 1374 1186 1403 secum

309 1445 447 1485 Praelia
464 1445 560 1484 dum
580 1445 722 1495 pensat
747 1443 893 1480 Poenus
915 1437 1148 1486 subitosque
1168 1436 1328 1472 veretur

309 1519 569 1569 Congressus‚
592 1519 719 1554 certos
741 1511 881 1552 statuit
900 1508 1144 1562 praemittere
1164 1508 1302 1545 contra
1533 1500 1583 1539 95

309 1589 382 1638 Qui
403 1587 573 1628 referant
591 1597 667 1637 qua
688 1584 769 1624 sint
788 1583 924 1622 hostes
943 1579 1104 1631 regione
1120 1576 1315 1623 locorum,

309 1660 461 1709 Quidve
480 1658 644 1710 agitent,
675 1667 752 1708 quo
779 1653 876 1693 fulta
904 1652 998 1700 situ,
1016 1660 1145 1702 quove
1165 1646 1305 1687 ordine
1326 1648 1451 1684 castra

310 1731 553 1772 Consistant.
576 1728 684 1768 Tulit
702 1727 776 1766 hos
796 1727 892 1765 laevo
913 1724 1075 1763 fortuna
1092 1718 1290 1772 profectos

309 1803 483 1844 Tramite
510 1815 518 1840 :
546 1805 765 1840 castrorum
785 1798 944 1837 incaute
971 1792 1152 1834 custodia
1177 1794 1313 1841 captos

310 1874 505 1917 Pertraxit
526 1873 637 1913 ducis
658 1877 750 1911 ante
770 1870 906 1922 pedes.
937 1869 1049 1907 Tunc
1074 1864 1139 1904 ille
1159 1861 1348 1902 tribunus
1512 1857 1587 1895 100

312 1951 497 2001 Imperat,
521 1951 566 1986 ut
588 1941 870 1985 circumductis
889 1952 959 1993 per
980 1936 1136 1989 singula
1155 1934 1383 1975 monstrent

358 2092 412 2123 78.
434 2089 577 2124 Occurrit
595 2088 627 2120 in
642 2089 693 2120 ed.
711 2087 800 2126 Bas„
821 2086 989 2116 occurrent
1009 2082 1043 2113 in
1063 2090 1124 2113 1115.
1144 2080 1181 2118 A,
1196 2078 1234 2117 Β,
1252 2078 1288 2115 C,
1308 2075 1344 2115 E,
1363 2075 1398 2106 F.

360 2149 413 2179 79.
435 2147 537 2180 Fama
555 2155 612 2187 pro
632 2145 741 2186 forma
760 2143 793 2174 in
807 2152 868 2174 ms.
890 2141 928 2179 B,
949 2140 983 2177 C,
1003 2140 1039 2171 D.

359 2205 415 2236 81.
434 2205 499 2237 Hoc
510 2204 542 2235 in
559 2204 599 2235 ed
613 2204 702 2241 Bas„
720 2201 787 2233 hoec
802 2200 835 2231 in
848 2197 1001 2230 omnibus
1021 2205 1084 2227 ms.

358 2263 412 2293 85.
436 2261 539 2299 Vocis,
555 2260 646 2292 vultu
659 2259 691 2290 in
708 2258 762 2289 ed.
780 2257 869 2293 Bas„
887 2253 981 2292 υοῑὶε,
1001 2253 1109 2285 vultus
1128 2250 1161 2282 in
1178 2247 1330 2281 omnibus
1350 2253 1410 2276 ms.

357 2321 414 2350 91.
430 2317 616 2352 Celebrabat
641 2316 673 2347 in
695 2316 747 2347 ed.
781 2314 870 2353 Bas„
897 2309 1057 2343 celerabat
1080 2308 1112 2339 in
1130 2316 1192 2339 ms.
1218 2306 1257 2342 B,
1289 2304 1311 2333 C
1340 2299 1473 2343 (cortu),
1495 2298 1532 2335 D,
1553 2297 1589 2327 F.

312 2378 390 2408 Fere
404 2376 549 2415 undique
564 2384 603 2406 ea
616 2384 677 2405 vox
696 2373 836 2405 celerare
857 2369 1009 2402 scribitur
1028 2365 1200 2398 celebrare.

357 2435 410 2464 96.
433 2431 582 2473 Referent
598 2431 630 2462 in
651 2431 703 2462 ed.
727 2430 813 2467 Bas„
832 2427 974 2468 referant
992 2424 1024 2455 in
1045 2421 1197 2455 omnibus
1218 2428 1279 2450 ms.

357 2494 410 2523 99.
434 2490 581 2523 Intautus
603 2488 701 2520 ined.
723 2487 814 2524 Bas„
833 2486 962 2517 incaute
980 2482 1014 2513 in
1035 2490 1094 2512 ms.
1115 2480 1151 2510 Α.
