1865 2959
730 263 768 270 m
798 244 844 277 83
877 263 915 269 m

188 326 372 367 Effecisse
390 331 517 378 potes,
540 327 646 378 quod
669 338 752 366 11011
768 331 867 366 erat.
888 326 1031 378 Aspice
1056 326 1217 378 templis

189 399 301 437 Dona
321 395 439 437 sacris
463 396 579 437 affixa
597 409 746 449 pavens
766 401 810 437 ut
829 397 972 449 vulgus
992 397 1130 438 adoret
1148 412 1157 437 :

189 468 342 519 Exime,
365 468 568 520 despiciet.
590 470 793 517 Quantum
812 473 882 508 tua
900 468 1002 508 clara
1022 468 1146 508 favori

188 542 309 579 Fama
327 551 415 579 meo
435 538 614 579 conferre
634 544 778 592 potest,
804 539 924 579 modo
950 539 1060 579 mitis
1080 539 1123 579 in
1140 539 1282 580 umbra

188 610 369 650 Nominis
393 610 468 650 ista
492 611 550 650 tui
571 611 718 650 durum
743 615 924 663 spretura
945 622 1148 651 venenum
1410 614 1460 651 35

191 681 364 732 hividiae,
386 681 548 722 latuisse
568 682 666 722 velis
687 682 754 722 ubi
776 682 887 722 nulla
906 687 1084 722 vetustas

190 754 357 802 Interea,
378 758 417 793 et
435 753 534 793 nulli
554 753 698 793 rodent
717 765 806 793 mea
824 753 990 793 nomina
1009 765 1181 794 vermes.

189 823 367 875 Suscipe‚
384 825 548 876 Jamque
565 836 716 877 precor,
736 836 876 876 regum
892 824 1055 877 inclyte,
1076 824 1231 877 suscipe
1250 826 1433 877 tandem,

188 897 317 947 Atque
340 896 425 948 pias
450 897 620 936 extende
640 908 785 936 manus
807 901 846 936 et
863 896 1018 936 lumina
1038 895 1151 937 flecte
1170 910 1178 935 :

189 969 275 1019 Ipse
296 972 384 1007 tuos
405 972 515 1008 actus
534 968 686 1008 meritis
707 968 756 1007 ad
778 967 907 1008 sidera
930 967 1069 1008 tollam
1411 971 1463 1009 40

186 1038 402 1089 Laudibus,
424 1044 542 1091 atque
563 1039 637 1079 ulio
661 1038 842 1079 fortassis
867 1039 1044 1079 carmine
1066 1039 1286 1091 quondam.

191 1112 294 1150 Mors
314 1111 433 1150 modo
453 1123 516 1150 me
536 1111 702 1163 paulum
721 1115 936 1163 exspectet,
958 1122 1041 1150 non
1058 1110 1177 1162 longa
1194 1114 1399 1163 petuntur.

190 1183 345 1222 Nomen
368 1187 407 1222 et
430 1181 507 1221 alta
528 1194 668 1222 canam
686 1182 806 1222 Siculi
827 1181 1018 1221 miracula
1037 1182 1140 1234 regis

190 1256 277 1294 Non
295 1254 429 1294 audita
447 1253 597 1306 procul,
621 1254 690 1294 sed
710 1266 798 1306 quie
818 1254 937 1293 modo
956 1253 1133 1293 vidimus
1154 1265 1294 1294 omnes

190 1325 357 1365 Omnia:
376 1336 550 1377 namque
568 1324 696 1365 solent
716 1325 858 1364 similis
881 1336 981 1377 quos
1000 1336 1093 1365 cura
1111 1324 1249 1377 fatigat
1411 1327 1461 1364 45

190 1397 362 1448 Longius
387 1408 471 1436 esse
495 1401 598 1436 retro
618 1410 627 1445 3
652 1401 761 1436 tenet
785 1396 860 1436 hos
884 1395 1125 1454 millesimus
1150 1408 1280 1449 annus

191 1467 402 1517 Sollicitos,
428 1467 551 1519 pudet
571 1467 644 1507 hac
671 1467 769 1507 alios
793 1467 1009 1507 consistere
1035 1472 1158 1507 meta.

191 1538 329 1579 Nullus
356 1539 405 1579 ad
429 1544 586 1578 [etatem
613 1539 815 1590 propriam
842 1539 1034 1591 respexit,
1061 1544 1105 1578 ut
1132 1545 1236 1579 erret

191 1612 302 1650 Musa
325 1622 467 1663 parum
493 1617 611 1650 notos
636 1610 746 1649 nullo
772 1610 1009 1662 prohibente
1033 1623 1102 1662 per
1128 1623 1254 1650 annos

190 1681 390 1731 Liberi0r3
417 1684 656 1734 Trojamque
681 1682 769 1721 ideo
794 1682 900 1721 canit
924 1681 989 1722 ille
1015 1686 1216 1731 ruentem,
1305 1677 1307 1679 ’
1413 1685 1464 1722 50

191 1753 258 1793 llle
276 1752 396 1793 refert
410 1753 583 1803 Thebas,
603 1754 877 1805 Juvenemque
898 1753 1067 1792 occultat
1085 1753 1302 1802 Achillem,

192 1824 258 1864 llle
282 1830 415 1864 autem
435 1824 661 1864 Emathiam
680 1824 857 1864 romanis
879 1824 1036 1864 ossibus
1056 1824 1212 1876 implet.

192 1898 277 1948 lpse
302 1907 372 1948 ego
390 1907 472 1935 non
492 1896 618 1936 nostri
634 1895 804 1936 referam
824 1897 942 1935 modo
968 1896 1160 1948 temporis
1183 1900 1281 1941 acta⁷

191 1969 313 2007 Marte
331 1969 398 2007 sed
418 1960 595 2008 Ausonio
621 1968 831 2008 sceleratos
853 1967 1035 2008 funditus
1054 1968 1170 2008 Afros

192 2041 338 2079 Eruere
364 2044 423 2079 est
446 2040 620 2090 animus,
642 2040 865 2092 nimiasque
888 2040 1102 2080 retundere
1123 2040 1243 2079 vires.
1413 2041 1463 2078 55

238 2174 290 2203 32.
312 2172 411 2204 Arma
429 2183 486 2213 pro
507 2173 591 2205 dona
612 2174 643 2204 in
662 2183 723 2204 ms.
747 2174 783 2211 B,
804 2174 839 2213 C,
860 2175 897 2204 D.

237 2231 289 2260 34.
311 2229 382 2261 Mea
402 2229 434 2260 iu
456 2231 506 2261 ed.
524 2231 612 2268 Bas.‚
633 2239 704 2262 meo
721 2230 752 2260 iu
772 2230 926 2261 omnibus
949 2239 1008 2260 ms.

237 2287 290 2316 35.
317 2286 429 2317 Dirum
448 2287 480 2317 iu
501 2287 555 2318 ed.
575 2287 663 2325 Bas„
684 2286 804 2318 durum
825 2287 857 2317 in
872 2296 933 2318 ms.
956 2288 992 2324 A,
1015 2287 1052 2324 B,
1069 2287 1104 2324 C,
1124 2288 1162 2317 D.

240 2344 294 2372 45.
314 2342 408 2374 Juvat
431 2352 486 2382 pro
508 2343 610 2374 solent
632 2343 665 2374 in
684 2353 743 2374 ms.
767 2344 802 2373 F.

238 2401 291 2430 46.
313 2399 374 2430 Isse
393 2409 448 2438 pro
466 2408 530 2431 esse
549 2399 581 2430 in
603 2409 663 2430 ms.
685 2400 719 2438 B,
740 2401 776 2437 E,
798 2401 831 2430 F.

239 2457 291 2486 52.
313 2455 423 2488 Etiam
445 2466 501 2496 pro
521 2459 629 2488 autem
651 2457 682 2487 in
704 2465 766 2488 ms.
788 2457 827 2493 B,
848 2456 881 2493 C,
904 2458 940 2487 D.

240 2514 291 2542 53.
314 2511 434 2543 Nostris
457 2513 487 2543 iu
509 2514 561 2543 ed.
586 2514 670 2549 Bas„
693 2513 794 2544 nostri
815 2514 846 2543 in
869 2513 1020 2544 omuibus
1042 2523 1100 2543 ins.
