1865 2959
803 206 943 243 —297
971 226 1013 233 —

271 295 383 334 Unus
400 291 521 333 habet
541 291 696 344 praedas
728 291 870 342 hostis,
894 291 1118 344 mundique
1141 291 1321 344 superbit

270 367 346 406 Tot
364 363 500 417 spoliis
524 361 748 414 vestrisque
770 361 906 403 simul.
945 362 1128 403 Tandem
1153 362 1312 415 agmine
1331 361 1453 414 fesso,

269 436 399 490 Scipio
420 433 701 487 magnanimus
719 433 898 475 referens
916 433 1092 475 victricia
1120 438 1225 475 retro

270 507 391 560 Signa
411 506 485 547 sub
511 516 695 546 occasum
721 504 817 546 solis
845 516 919 545 sua
951 509 1080 546 castra
1114 504 1276 555 revisit;
1492 508 1544 547 35

269 578 452 632 Captivos
470 589 627 618 servare
636 577 768 630 J'ubet,
788 588 926 630 quaeve
954 576 1088 629 ampla
1102 576 1232 617 relatu

269 651 326 691 Ac
350 649 526 702 speciosa
541 648 673 689 forent
692 662 702 699 3
723 660 819 689 nam
846 652 988 689 caetera
1006 647 1141 701 praeda
1162 647 1316 688 viritim

272 724 417 775 Sparsa
443 725 527 761 erat
556 725 675 773 atque
699 720 857 761 animos
876 719 1078 761 mulcebat
1098 719 1238 760 militis
1256 731 1380 761 acres.

271 796 392 835 Serus
410 792 595 834 Atlanteo
621 792 800 834 radiabat
819 792 966 833 vertice
997 791 1165 845 pulcher

269 867 487 919 Hesperus,
515 869 554 906 et
572 864 699 905 nitido
730 864 934 905 rarissima
965 863 1096 904 sidera
1132 864 1246 906 coelo.
1491 866 1543 904 40

268 939 419 990 Aggere
440 937 646 990 gramineo
672 936 853 977 consedit
871 936 962 977 laeta
977 937 1172 990 Juventus
1200 950 1209 976 :

266 1008 415 1049 Celsior
432 1013 471 1049 at
492 1008 645 1049 cunctis
665 1008 795 1061 Scipio
813 1020 965 1061 rexque
987 1008 1150 1049 additus
1173 1007 1231 1048 illi

265 1080 493 1122 Herbesum
511 1084 678 1121 tenuere
707 1084 841 1120 torum
862 1094 872 1130 ;
893 1084 983 1120 tum
1009 1091 1174 1132 corpora
1190 1084 1331 1120 curant

265 1154 385 1193 Fessa
404 1152 539 1194 labore
566 1152 676 1205 gravi
694 1152 880 1205 belloque
902 1151 1099 1193 exhausta
1118 1151 1278 1192 diurno.

264 1226 317 1265 Ut
335 1224 503 1277 dapibus
522 1235 750 1278 compressa
774 1223 918 1274 fames,
938 1223 1147 1276 primusve
1168 1223 1323 1276 quievit
1490 1224 1541 1263 45

266 1299 444 1350 Impetus
464 1297 623 1347 edendi,
650 1297 802 1350 placido
824 1296 1033 1338 facundior
1047 1308 1114 1337 ore

267 1368 411 1409 Laelius
428 1369 679 1422 ingreditur:
708 1371 963 1422 «Postquam
984 1367 1085 1408 mihi
1102 1367 1186 1408 fata
1204 1367 1349 1409 dedere

266 1441 381 1480 Hunc
408 1444 567 1481 tantum
588 1440 737 1481 vidisse
758 1440 882 1490 diem,
902 1444 1115 1481 contentus
1133 1439 1250 1481 abibo

265 1514 348 1562 Quo
362 1513 447 1565 Jarn
480 1524 651 1566 cumque
669 1512 845 1564 trahent,
867 1524 941 1553 nec
961 1524 1027 1553 me
1044 1517 1186 1554 natum
1208 1524 1296 1554 esse
1315 1511 1462 1566 pigebit

264 1585 368 1624 Dum
384 1589 517 1624 tecum
543 1584 692 1625 vixisse
705 1583 824 1635 ferar,
845 1583 1065 1625 fortissime
1080 1589 1211 1626 rector
1490 1587 1541 1625 50

262 1655 479 1708 Hesperiae,
501 1657 564 1697 cui
581 1661 720 1697 nostra
741 1656 848 1697 salus
872 1656 975 1697 bene
995 1657 1169 1697 creditur
1188 1657 1275 1698 uni.

261 1729 344 1768 Hoc
365 1727 493 1769 fateor
512 1729 594 1770 solo
621 1734 802 1771 mentem
823 1741 913 1783 spes
932 1729 1075 1771 ultima
1093 1730 1205 1771 lusit.

260 1802 351 1841 Jam
370 1800 530 1842 rediens
551 1801 655 1842 bello
675 1813 822 1854 magna
848 1805 932 1842 tam
952 1805 1064 1854 parte
1083 1804 1259 1854 peracto,

263 1873 364 1912 Cum
381 1872 657 1913 Massinissam
685 1873 906 1914 caedentem
923 1878 1034 1925 terga
1051 1872 1246 1923 viderem,

264 1945 398 1997 Teque
416 1955 488 1997 per
512 1944 701 1985 adversos
719 1949 803 1985 tota
822 1945 971 1986 virtute
993 1949 1219 1995 tonantem,
1488 1947 1539 1985 55

263 2017 409 2056 Actum
430 2016 479 2056 de
498 2017 722 2057 Hannibale
740 2021 815 2068 est,
839 2017 956 2057 tacito
975 2029 1066 2058 cum
1085 2028 1294 2058 murmure
1315 2016 1397 2057 dixi
1419 2031 1429 2067 3

262 2089 377 2129 Nunc
396 2087 541 2142 quihus
566 2088 634 2129 ille
662 2089 737 2130 viis
756 2093 825 2130 aut
843 2101 1021 2142 quonam
1041 2089 1218 2143 eruperit
1237 2093 1327 2130 astu

303 2263 358 2294 46.
381 2260 518 2295 Placido
540 2272 598 2304 pro
615 2263 739 2305 placito
760 2262 790 2295 in
814 2272 877 2295 ms.
899 2265 935 2303 E,
958 2265 992 2296 F.

303 2320 357 2351 53.
380 2318 463 2352 Nam
481 2319 515 2351 in
537 2320 592 2351 ed.
610 2320 699 2358 Bas,
713 2320 784 2360 jam
804 2319 837 2352 in
858 2329 918 2351 ms.
940 2321 977 2352 A.

303 2377 356 2407 55.
379 2375 519 2407 Adverso
539 2375 571 2408 in
587 2377 640 2408 ed.
657 2377 745 2415 Bas„
759 2376 909 2409 adversos
922 2377 954 2409 in
976 2386 1038 2409 ms.
1057 2377 1096 2416 Α,
1112 2378 1150 2418 Ε,
1172 2377 1206 2409 F.
1223 2387 1232 2419 ς
1247 2379 1339 2413 tanta
1352 2375 1467 2424 (corr.)
1482 2384 1540 2419 pro

259 2435 327 2465 lota
347 2432 379 2464 in
400 2442 460 2464 ms.
482 2434 517 2464 A.

306 2490 359 2522 56,
383 2488 462 2522 Tum
481 2489 514 2521 in
528 2489 581 2522 ed.
602 2489 692 2529 Bas„
712 2499 785 2523 eum
803 2490 836 2522 in
857 2490 1008 2523 omnibus
1027 2499 1087 2527 ms.
