1865 2959
852 198 1062 234 —178—

315 280 375 320 Illi
396 280 567 321 victores
584 280 774 322 latratum
797 281 840 322 in
860 282 999 322 nubila
1018 282 1180 322 tollunt.

314 352 443 405 Scipio
465 353 647 393 turbatos
667 365 817 394 cuneos
836 360 956 407 atque
975 366 1087 395 arma
1115 354 1334 395 frementes

311 425 560 476 Agnoscens,
585 426 817 478 veritusque
833 426 926 466 novi
946 438 1029 466 non
1048 438 1170 479 parva
1190 425 1310 466 duelli
1520 427 1598 467 355

312 496 490 546 Semina,
513 496 716 537 discordes
737 497 883 549 raptim
912 498 960 537 ad
979 498 1163 550 praetoria
1190 502 1346 538 turmas

312 569 527 618 Convocat,
551 574 591 610 et
623 569 744 610 verbo
770 575 980 622 surgentes
1007 570 1238 620 comprimit
1258 570 1352 610 iras.

318 653 336 676 <t
356 640 539 691 Quando,
557 640 625 692 ait,
650 641 862 681 amborum
883 641 1011 681 virtus
1033 646 1116 681 tam
1136 641 1241 681 clara
1263 642 1441 683 virorum

310 711 487 763 Eminet,
511 718 555 753 ut
575 714 729 753 cunctis
752 713 869 765 longe
895 718 985 765 post
1006 718 1117 765 terga
1136 713 1285 753 relictis

309 783 479 834 Officiat,
502 784 577 825 sibi
598 785 681 825 sola
702 785 868 838 quidem
888 785 951 825 vel
970 785 1104 826 debita
1124 785 1256 825 neutri
1285 791 1343 826 est
1519 787 1597 825 360

308 857 430 896 Fama
448 856 511 897 vel
536 856 748 907 ambobus,
771 857 879 910 quod
900 857 1062 910 dignius
1083 869 1170 898 esse
1191 862 1405 910 putamus:

308 929 410 968 Nam
429 929 538 981 prior
554 934 614 969 est
634 940 756 982 quein
774 941 896 969 nemo
917 929 1046 981 praeit.
1069 944 1086 965 n
1114 930 1178 970 Sic
1202 941 1268 969 ore
1296 941 1436 969 sereno

307 1001 446 1050 Fatus,
466 1006 505 1041 et
527 1001 739 1041 amborum
760 1001 908 1053 pariter
928 1001 1126 1042 viridante
1147 1013 1293 1042 corona

306 1073 505 1125 Tempora
526 1073 768 1123 circuindat;
803 1073 925 1113 simul
944 1073 1123 1126 impetus
1144 1074 1277 1113 onmis
1296 1078 1334 1113 et
1359 1073 1417 1112 ira

307 1144 488 1185 Concidit
509 1158 518 1184 :
541 1144 651 1185 hunc
670 1145 793 1186 finem
818 1145 953 1186 tristes
976 1144 1152 1186 habuere
1173 1145 1357 1198 querelae.
1515 1146 1592 1185 365

305 1216 422 1257 Haud
445 1216 559 1257 aliter
584 1229 707 1270 quam
726 1230 853 1270 quum
869 1217 1022 1258 validos
1046 1219 1089 1258 in
1109 1219 1243 1271 przelia
1267 1224 1406 1258 tauros

307 1288 463 1328 Excitat
479 1288 633 1329 invidia
652 1293 691 1329 et
712 1289 865 1330 dilectae
886 1291 1034 1330 candor
1055 1291 1192 1331 amicae
1216 1305 1223 1330 :

306 1363 465 1402 Cornua
483 1366 707 1412 tentantur,
730 1362 886 1402 truncis
910 1363 1133 1415 mugitibus
1154 1375 1260 1404 aurae

306 1433 592 1485 Complentur3
615 1438 712 1473 tunc
731 1434 864 1486 ampla
882 1433 1020 1475 favent
1039 1441 1222 1475 armenta
1240 1435 1412 1485 duobUS,

306 1508 355 1546 Et
375 1510 532 1558 partem
556 1504 683 1546 fecere
702 1505 827 1546 boves
848 1520 855 1544 :
879 1506 911 1546 si
930 1507 1121 1558 providus
1140 1507 1220 1547 iras
1517 1509 1594 1547 370

305 1578 520 1619 Praesensit
539 1577 782 1630 rabidosque
811 1578 973 1630 agnovit
994 1584 1128 1631 pastor
1147 1590 1319 1628 amores,

304 1651 586 1704 Tempestivus
607 1651 735 1700 adest,
759 1656 798 1691 et
816 1650 967 1692 blando
986 1663 1196 1691 murmure
1214 1656 1350 1691 motus

306 1726 520 1776 Temperat
543 1734 588 1764 ac
607 1722 763 1776 pugiles
783 1723 935 1764 victrici
960 1723 1102 1764 fronde
1118 1729 1300 1773 coronat,

305 1797 355 1836 Et
380 1808 452 1836 sua
470 1795 645 1848 placatos
662 1794 800 1847 procul
820 1795 914 1835 inde
934 1807 1005 1848 per
1024 1807 1117 1836 arva
1135 1796 1318 1836 remittit.

351 1967 427 1996 355.
453 1964 559 1997 Virtus
577 1964 609 1995 in
630 1965 682 1997 ed.
702 1964 790 2002 Bas,
813 1964 938 1996 veritus
959 1964 991 1995 in
1006 1964 1159 1996 omuibus
1181 1973 1243 1996 ms.

353 2023 429 2052 358.
453 2021 541 2061 Quin
557 2020 591 2052 in
611 2021 663 2053 ed.
686 2021 777 2059 Bas„
801 2021 931 2062 quando
950 2021 984 2052 in
1003 2021 1158 2053 omnibus
1179 2031 1239 2053 ms.

352 2081 427 2110 360.
450 2077 539 2111 Utin
558 2079 609 2111 ed.
636 2079 724 2117 Bas„
745 2078 796 2111 vel
816 2079 849 2110 in
871 2079 1023 2110 omnibus
1043 2088 1106 2111 ms.

351 2137 426 2167 365.
448 2135 619 2168 Huberein
634 2136 688 2168 ed.
712 2136 802 2174 Bas.‚
820 2135 965 2168 habuere
986 2136 1019 2167 in
1040 2135 1196 2167 omnibus
1219 2145 1278 2167 ms.

352 2194 429 2224 367.
450 2191 579 2225 Condor
598 2192 632 2224 in
648 2193 701 2225 ed.
724 2193 812 2232 Bas„
835 2191 959 2224 candor
978 2192 1011 2224 in
1032 2192 1184 2224 omnibus
1206 2201 1268 2223 ms.

351 2252 428 2282 369.
447 2249 567 2282 Fovent
586 2249 619 2281 in
637 2250 692 2282 ed.
712 2250 803 2287 Bas..
824 2249 934 2290 favent
958 2249 991 2280 in
1011 2249 1165 2281 omnibus
1190 2258 1253 2280 ms.

352 2309 427 2338 871.
451 2307 592 2349 Rapidos
609 2307 640 2338 in
663 2307 718 2339 cd.
739 2307 829 2345 Bas„
851 2306 981 2339 rabidos
998 2307 1030 2338 in
1052 2306 1206 2339 omnibus
1226 2315 1289 2338 ms,

353 2366 429 2395 372.
449 2363 553 2397 Melus
572 2364 602 2395 in
624 2365 664 2396 ed
682 2365 774 2402 Bas„
790 2367 898 2396 motus
918 2364 948 2395 in
971 2364 1124 2395 omnibus
1147 2373 1209 2395 nis.

356 2423 432 2453 374.
456 2422 530 2455 Haec
551 2421 636 2453 inter
656 2430 772 2454 versus
791 2421 941 2452 374-375
963 2425 1038 2453 nota
1057 2423 1164 2453 exstat
1180 2420 1212 2451 in
1233 2430 1294 2451 nis.
1315 2421 1337 2451 A
1362 2430 1368 2450 :

361 2479 449 2510 Istud
480 2482 551 2510 erat
577 2481 731 2518 quartum
762 2478 956 2518 capitulum,
994 2478 1024 2509 iu
1061 2488 1125 2518 quo
1157 2478 1264 2509 Lelius
1296 2478 1436 2509 debebat
1461 2486 1594 2508 narrare
