1865 2959
782 186 969 221 —13—

242 283 438 327 gressus.
469 268 703 313 Interdum
730 270 863 312 lautae
891 272 1099 326 parantur
1126 270 1270 327 epulae
1288 305 1298 323 ‚
1337 283 1515 314 accum-

242 346 354 389 bunt
383 346 542 398 ambo,
580 350 712 403 atque
747 346 863 390 inter
889 360 1068 390 mensas
1101 346 1284 403 quidam
1325 348 1517 406 assurgit

241 427 369 468 vates
389 424 465 480 qui
496 423 671 468 labores
705 424 906 467 Herculis
938 424 983 465 in
1010 424 1168 475 Africa,
1200 424 1515 483 conditamque

240 514 263 543 a
297 500 469 544 Didone
502 501 839 558 Carthaginem,
870 514 893 543 a
930 500 1144 543 Philoenis
1174 502 1383 545 fratribus
1407 503 1510 546 olim

238 577 517 635 prolatatum,
547 578 771 621 recentius
802 577 856 620 ab
887 577 1106 621 Annibale
1126 582 1315 631 auctam,
1346 592 1513 623 memo-

239 659 321 698 rat.
348 656 457 699 Ecce
476 659 628 699 autem
651 655 843 699 surrexit
866 655 1022 713 Scipio,
1054 660 1098 699 et
1124 669 1245 698 nunc
1267 672 1274 698 :

353 756 452 792 Finis
470 757 539 792 erit
559 768 671 803 quem
691 757 766 792 fata
786 757 941 802 dabunt,
960 757 1023 792 sed
1046 768 1183 803 magna
1203 759 1395 803 parantur.

295 860 376 902 Par
397 859 488 917 pari
513 860 647 903 refert
670 860 845 911 Laelius,
878 873 1025 917 neque
1047 859 1327 903 dissimulata
1349 859 1409 903 rei
1433 859 1513 902 dif-

236 936 448 988 ficultate,
477 936 632 980 ordine
653 941 801 980 narrat
819 937 901 980 sibi
923 951 1113 995 regnum
1130 937 1175 980 in
1198 937 1321 980 Italia
1346 938 1513 981 consti-

238 1019 438 1059 tuentem
464 1015 652 1067 AEnean,
687 1015 922 1072 positaque
960 1015 1127 1059 muenia
1156 1016 1330 1068 Romae,
1363 1015 1511 1059 brevi-

236 1096 391 1149 terque
435 1093 706 1137 enumeratis
762 1093 936 1137 eximiis
987 1093 1241 1151 reipublicae
1294 1093 1481 1137 ducibus
1498 1129 1508 1145 ,

235 1169 455 1227 quosdam
471 1184 600 1213 casus
617 1170 784 1214 diutius
807 1170 989 1222 evolvit,
1012 1170 1212 1214 Curtium
1240 1170 1511 1227 Deciumque

235 1247 483 1291 voluntaria
503 1252 647 1291 morte
674 1248 865 1291 salutem
891 1247 1043 1305 patria}
1062 1252 1232 1299 nactos,
1257 1261 1307 1291 ac
1326 1246 1510 1291 tandem

235 1325 497 1375 Lucretiam,
540 1325 596 1368 ob
624 1325 715 1368 vim
751 1325 923 1383 corpori
967 1325 1152 1374 illatam,
1180 1329 1339 1383 sponte
1370 1339 1393 1369 e
1421 1325 1511 1368 vita

234 1407 490 1454 exeuntem,
512 1406 555 1445 et
574 1403 760 1445 Brutum
776 1402 969 1447 ultorem
991 1406 1033 1445 et
1052 1402 1337 1446 defensorem
1358 1402 1511 1460 patrias

233 1479 375 1523 fusius
397 1480 608 1532 ostendit,
637 1494 794 1524 omnes
819 1479 1001 1537 quidem
1026 1480 1158 1524 variis
1179 1479 1326 1523 modis
1344 1479 1509 1523 Philoe-

234 1557 302 1600 nis
329 1558 532 1609 aemulos,
556 1558 914 1616 sanguinemque
941 1562 983 1601 et
1012 1558 1150 1602 vitam
1172 1557 1415 1601 liberandae
1435 1561 1510 1600 ant

234 1634 472 1679 dilatandae
500 1636 652 1694 patriae
680 1635 1011 1693 impendentes.
1049 1635 1129 1678 Hic
1156 1639 1223 1679 est
1255 1634 1358 1678 finis
1391 1634 1506 1678 tertii

232 1711 348 1755 libri.

292 1790 362 1833 IV.
384 1815 439 1820 —
471 1790 607 1833 Totus
635 1794 703 1833 est
732 1789 787 1834 de
809 1790 1014 1834 Africano
1055 1789 1168 1833 liber
1202 1793 1402 1846 quartus,
1434 1790 1508 1846 qui

232 1867 416 1925 quidem
438 1868 584 1920 nobis,
607 1872 722 1911 teste
743 1868 893 1920 Laelio,
919 1868 1086 1912 eminet
1116 1868 1259 1911 forma
1283 1872 1326 1911 et
1353 1867 1508 1910 habitu

232 1945 668 1996 excellentissimus,
714 1948 757 1989 et
796 1945 923 2002 quasi
973 1945 1209 2003 multiplex
1248 1944 1503 1989 virtutibus.

233 2024 372 2073 Quem
394 2023 518 2066 aiunt
539 2023 652 2067 coelo
671 2014 920 2067 demissum
939 2027 982 2067 et
1001 2036 1025 2066 a
1053 2022 1137 2065 diis
1166 2022 1408 2066 oriundum
1429 2039 1436 2065 :
1465 2026 1509 2066 et

231 2101 386 2145 vident
407 2105 499 2145 tam
519 2101 644 2160 pium
666 2101 712 2144 in
741 2102 919 2159 templis
945 2114 1081 2158 quam
1109 2100 1304 2145 ferocem
1339 2101 1383 2144 in
1415 2100 1506 2144 acie

233 2179 447 2223 Romani:

347 2281 480 2317 Omnia
500 2292 603 2326 posse
622 2283 741 2327 potest
758 2291 842 2327 quae
860 2280 953 2325 vult,
975 2291 1223 2327 quaecnmque
1246 2280 1387 2326 putavit

350 2342 470 2386 Posse,
491 2344 621 2386 potest.

289 2442 470 2485 juvenis
492 2442 700 2499 primum,
730 2445 901 2499 patrem
925 2441 969 2484 in
994 2441 1214 2484 Ticinensi
1235 2441 1385 2498 prfelio
1406 2453 1502 2483 sau-
