<?xml version="1.0" encoding="UTF-8"?>
<!DOCTYPE html PUBLIC "-//W3C//DTD XHTML 1.0 Transitional//EN"
    "http://www.w3.org/TR/xhtml1/DTD/xhtml1-transitional.dtd">
<html xmlns="http://www.w3.org/1999/xhtml" xml:lang="en" lang="en">
 <head>
  <title>
</title>
<meta http-equiv="Content-Type" content="text/html;charset=utf-8" />
  <meta name='ocr-system' content='tesseract 3.04.00' />
  <meta name='ocr-capabilities' content='ocr_page ocr_carea ocr_par ocr_line ocrx_word'/>
</head>
<body>
  <div class='ocr_page' id='page_1' title='image "africa1872petr_0111.png"; bbox 0 0 1865 2959; ppageno 0'>
   <div class='ocr_carea' id='block_1_1' title="bbox 797 248 982 284">
    <p class='ocr_par' dir='ltr' id='par_1_1' title="bbox 797 248 982 284">
     <span class='ocr_line' id='line_1_1' title="bbox 797 248 982 284; baseline -0.005 -8"><span class='ocrx_word' id='word_1_1' title='bbox 797 248 982 284; x_wconf 80' lang='lat'><strong>-99-.</strong></span> 
     </span>
    </p>
   </div>
   <div class='ocr_carea' id='block_1_2' title="bbox 251 331 1532 2173">
    <p class='ocr_par' dir='ltr' id='par_1_2' title="bbox 253 331 1527 527">
     <span class='ocr_line' id='line_1_2' title="bbox 253 331 1527 385; baseline 0.002 -14"><span class='ocrx_word' id='word_1_2' title='bbox 253 331 334 372; x_wconf 90' lang='lat' dir='ltr'>Illic</span> <span class='ocrx_word' id='word_1_3' title='bbox 354 344 419 372; x_wconf 91' lang='lat' dir='ltr'>me</span> <span class='ocrx_word' id='word_1_4' title='bbox 440 334 618 373; x_wconf 82' lang='lat' dir='ltr'>Romana</span> <span class='ocrx_word' id='word_1_5' title='bbox 642 337 807 372; x_wconf 86' lang='lat' dir='ltr'>manent</span> <span class='ocrx_word' id='word_1_6' title='bbox 827 333 946 372; x_wconf 91' lang='lat' dir='ltr'>modo</span> <span class='ocrx_word' id='word_1_7' title='bbox 968 332 1094 383; x_wconf 77' lang='lat' dir='ltr'>signa,</span> <span class='ocrx_word' id='word_1_8' title='bbox 1118 332 1340 385; x_wconf 86' lang='lat' dir='ltr'>ducemque</span> <span class='ocrx_word' id='word_1_9' title='bbox 1449 335 1527 373; x_wconf 71' lang='lat'>435</span> 
     </span>
     <span class='ocr_line' id='line_1_3' title="bbox 254 404 1468 456; baseline -0.002 -12"><span class='ocrx_word' id='word_1_10' title='bbox 254 406 496 456; x_wconf 78' lang='lat' dir='ltr'>Exspectant</span> <span class='ocrx_word' id='word_1_11' title='bbox 514 404 699 456; x_wconf 84' lang='lat' dir='ltr'>rapidum</span> <span class='ocrx_word' id='word_1_12' title='bbox 718 418 727 453; x_wconf 89' lang='lat'>;</span> <span class='ocrx_word' id='word_1_13' title='bbox 746 404 821 444; x_wconf 89' lang='lat' dir='ltr'>hoc</span> <span class='ocrx_word' id='word_1_14' title='bbox 838 404 1002 444; x_wconf 85' lang='lat' dir='ltr'>tandem</span> <span class='ocrx_word' id='word_1_15' title='bbox 1023 409 1099 444; x_wconf 86' lang='lat' dir='ltr'>stat</span> <span class='ocrx_word' id='word_1_16' title='bbox 1116 404 1243 445; x_wconf 86' lang='lat' dir='ltr'>limite</span> <span class='ocrx_word' id='word_1_17' title='bbox 1262 405 1428 446; x_wconf 86' lang='lat' dir='ltr'>bellum.</span> <span class='ocrx_word' id='word_1_18' title='bbox 1451 420 1468 442; x_wconf 87' lang='lat'>»</span> 
     </span>
     <span class='ocr_line' id='line_1_4' title="bbox 255 475 1313 527; baseline 0.001 -13"><span class='ocrx_word' id='word_1_19' title='bbox 255 475 427 527; x_wconf 82' lang='lat' dir='ltr'>Suscipit</span> <span class='ocrx_word' id='word_1_20' title='bbox 442 475 628 527; x_wconf 85' lang='lat' dir='ltr'>amplexu</span> <span class='ocrx_word' id='word_1_21' title='bbox 647 477 840 527; x_wconf 87' lang='lat' dir='ltr'>juvenem</span> <span class='ocrx_word' id='word_1_22' title='bbox 860 475 1159 527; x_wconf 80' lang='lat' dir='ltr'>placidissimus</span> <span class='ocrx_word' id='word_1_23' title='bbox 1179 475 1313 526; x_wconf 71' lang='lat' dir='ltr'>heros,</span> 
     </span>
    </p>

    <p class='ocr_par' dir='ltr' id='par_1_3' title="bbox 255 546 1262 598">
     <span class='ocr_line' id='line_1_5' title="bbox 255 546 1262 598; baseline 0 -12"><span class='ocrx_word' id='word_1_24' title='bbox 255 548 383 598; x_wconf 81' lang='lat' dir='ltr'>Atque</span> <span class='ocrx_word' id='word_1_25' title='bbox 405 546 459 586; x_wconf 88' lang='lat' dir='ltr'>ita</span> <span class='ocrx_word' id='word_1_26' title='bbox 478 560 487 585; x_wconf 92' lang='lat'>:</span> <span class='ocrx_word' id='word_1_27' title='bbox 517 562 534 583; x_wconf 91' lang='lat'>«</span> <span class='ocrx_word' id='word_1_28' title='bbox 552 547 719 598; x_wconf 78' lang='lat' dir='ltr'>SiJ&#39;ussu</span> <span class='ocrx_word' id='word_1_29' title='bbox 742 548 941 598; x_wconf 81' lang='lat' dir='ltr'>Superum</span> <span class='ocrx_word' id='word_1_30' title='bbox 962 546 1145 586; x_wconf 84' lang='lat' dir='ltr'>mortalia</span> <span class='ocrx_word' id='word_1_31' title='bbox 1166 547 1262 586; x_wconf 66' lang='lat' dir='ltr'>coelo</span> 
     </span>
    </p>

    <p class='ocr_par' dir='ltr' id='par_1_4' title="bbox 254 617 1532 812">
     <span class='ocr_line' id='line_1_6' title="bbox 254 617 1409 669; baseline 0.001 -13"><span class='ocrx_word' id='word_1_32' title='bbox 254 617 432 657; x_wconf 86' lang='lat' dir='ltr'>Membra</span> <span class='ocrx_word' id='word_1_33' title='bbox 444 618 572 667; x_wconf 84' lang='lat' dir='ltr'>vehis,</span> <span class='ocrx_word' id='word_1_34' title='bbox 595 629 668 658; x_wconf 88' lang='lat' dir='ltr'>nec</span> <span class='ocrx_word' id='word_1_35' title='bbox 687 618 795 657; x_wconf 83' lang='lat' dir='ltr'>enim</span> <span class='ocrx_word' id='word_1_36' title='bbox 811 623 892 657; x_wconf 87' lang='lat' dir='ltr'>tam</span> <span class='ocrx_word' id='word_1_37' title='bbox 913 617 1046 669; x_wconf 81' lang='lat' dir='ltr'>magni</span> <span class='ocrx_word' id='word_1_38' title='bbox 1070 618 1249 657; x_wconf 85' lang='lat' dir='ltr'>muneris</span> <span class='ocrx_word' id='word_1_39' title='bbox 1273 623 1409 657; x_wconf 78' lang='lat' dir='ltr'>auctor</span> 
     </span>
     <span class='ocr_line' id='line_1_7' title="bbox 254 687 1532 740; baseline 0.002 -14"><span class='ocrx_word' id='word_1_40' title='bbox 254 687 364 727; x_wconf 86' lang='lat' dir='ltr'>Alter</span> <span class='ocrx_word' id='word_1_41' title='bbox 384 689 478 739; x_wconf 82' lang='lat' dir='ltr'>erit,</span> <span class='ocrx_word' id='word_1_42' title='bbox 506 701 710 729; x_wconf 88' lang='lat' dir='ltr'>summum</span> <span class='ocrx_word' id='word_1_43' title='bbox 732 688 807 728; x_wconf 90' lang='lat' dir='ltr'>hoc</span> <span class='ocrx_word' id='word_1_44' title='bbox 828 688 1013 740; x_wconf 80' lang='lat' dir='ltr'>equidem</span> <span class='ocrx_word' id='word_1_45' title='bbox 1042 688 1114 727; x_wconf 88' lang='lat' dir='ltr'>tibi</span> <span class='ocrx_word' id='word_1_46' title='bbox 1138 688 1303 740; x_wconf 81' lang='lat' dir='ltr'>contigit</span> <span class='ocrx_word' id='word_1_47' title='bbox 1332 690 1398 728; x_wconf 88' lang='lat' dir='ltr'>uni</span> <span class='ocrx_word' id='word_1_48' title='bbox 1454 692 1532 729; x_wconf 64' lang='lat' dir='ltr'>tto</span> 
     </span>
     <span class='ocr_line' id='line_1_8' title="bbox 255 759 1353 812; baseline 0 -13"><span class='ocrx_word' id='word_1_49' title='bbox 255 759 540 811; x_wconf 84' lang='lat' dir='ltr'>Eximiumque</span> <span class='ocrx_word' id='word_1_50' title='bbox 560 760 694 809; x_wconf 89' lang='lat' dir='ltr'>decus,</span> <span class='ocrx_word' id='word_1_51' title='bbox 716 771 835 812; x_wconf 85' lang='lat' dir='ltr'>quam</span> <span class='ocrx_word' id='word_1_52' title='bbox 861 760 909 799; x_wconf 87' lang='lat' dir='ltr'>de</span> <span class='ocrx_word' id='word_1_53' title='bbox 930 765 969 799; x_wconf 90' lang='lat' dir='ltr'>te</span> <span class='ocrx_word' id='word_1_54' title='bbox 983 759 1204 811; x_wconf 77' lang='lat' dir='ltr'>concipiam</span> <span class='ocrx_word' id='word_1_55' title='bbox 1225 771 1353 812; x_wconf 87' lang='lat' dir='ltr'>spem,</span> 
     </span>
    </p>

    <p class='ocr_par' dir='ltr' id='par_1_5' title="bbox 255 830 1211 881">
     <span class='ocr_line' id='line_1_9' title="bbox 255 830 1211 881; baseline -0.001 -10"><span class='ocrx_word' id='word_1_56' title='bbox 255 832 368 871; x_wconf 87' lang='lat' dir='ltr'>Dictu</span> <span class='ocrx_word' id='word_1_57' title='bbox 394 830 553 871; x_wconf 84' lang='lat' dir='ltr'>difficile</span> <span class='ocrx_word' id='word_1_58' title='bbox 570 836 644 881; x_wconf 88' lang='lat' dir='ltr'>est,</span> <span class='ocrx_word' id='word_1_59' title='bbox 667 832 728 871; x_wconf 92' lang='lat' dir='ltr'>cui</span> <span class='ocrx_word' id='word_1_60' title='bbox 749 836 902 871; x_wconf 85' lang='lat' dir='ltr'>tantam</span> <span class='ocrx_word' id='word_1_61' title='bbox 928 831 1097 871; x_wconf 84' lang='lat' dir='ltr'>numina</span> <span class='ocrx_word' id='word_1_62' title='bbox 1122 831 1211 871; x_wconf 91' lang='lat' dir='ltr'>vivo</span> 
     </span>
    </p>

    <p class='ocr_par' dir='ltr' id='par_1_6' title="bbox 254 903 1158 953">
     <span class='ocr_line' id='line_1_10' title="bbox 254 903 1158 953; baseline 0 -11"><span class='ocrx_word' id='word_1_63' title='bbox 254 905 491 943; x_wconf 74' lang='lat' dir='ltr'>Concessere</span> <span class='ocrx_word' id='word_1_64' title='bbox 512 903 636 953; x_wconf 81' lang='lat' dir='ltr'>viam3</span> <span class='ocrx_word' id='word_1_65' title='bbox 657 915 750 943; x_wconf 87' lang='lat' dir='ltr'>nam</span> <span class='ocrx_word' id='word_1_66' title='bbox 767 904 807 942; x_wconf 88' lang='lat' dir='ltr'>ni</span> <span class='ocrx_word' id='word_1_67' title='bbox 823 903 983 943; x_wconf 87' lang='lat' dir='ltr'>divinus</span> <span class='ocrx_word' id='word_1_68' title='bbox 1008 903 1158 943; x_wconf 89' lang='lat' dir='ltr'>inesset</span> 
     </span>
    </p>

    <p class='ocr_par' dir='ltr' id='par_1_7' title="bbox 255 975 1326 1027">
     <span class='ocr_line' id='line_1_11' title="bbox 255 975 1326 1027; baseline 0.001 -13"><span class='ocrx_word' id='word_1_69' title='bbox 255 975 442 1027; x_wconf 84' lang='lat' dir='ltr'>Spiritus,</span> <span class='ocrx_word' id='word_1_70' title='bbox 462 975 537 1015; x_wconf 88' lang='lat' dir='ltr'>hoc</span> <span class='ocrx_word' id='word_1_71' title='bbox 558 975 714 1015; x_wconf 88' lang='lat' dir='ltr'>homini</span> <span class='ocrx_word' id='word_1_72' title='bbox 736 987 948 1027; x_wconf 85' lang='lat' dir='ltr'>nunquam</span> <span class='ocrx_word' id='word_1_73' title='bbox 971 975 1131 1016; x_wconf 86' lang='lat' dir='ltr'>fortuna</span> <span class='ocrx_word' id='word_1_74' title='bbox 1153 976 1326 1016; x_wconf 74' lang='lat' dir='ltr'>dedisset</span> 
     </span>
    </p>

    <p class='ocr_par' dir='ltr' id='par_1_8' title="bbox 253 1046 1531 1171">
     <span class='ocr_line' id='line_1_12' title="bbox 253 1046 1531 1099; baseline 0.001 -14"><span class='ocrx_word' id='word_1_75' title='bbox 253 1048 346 1094; x_wconf 54' lang='grc' dir='ltr'>Ωιι-(Ρ,</span> <span class='ocrx_word' id='word_1_76' title='bbox 371 1046 503 1086; x_wconf 80' lang='lat' dir='ltr'>faciles</span> <span class='ocrx_word' id='word_1_77' title='bbox 521 1047 728 1099; x_wconf 84' lang='lat' dir='ltr'>dispensat</span> <span class='ocrx_word' id='word_1_78' title='bbox 747 1059 855 1099; x_wconf 87' lang='lat' dir='ltr'>opes.</span> <span class='ocrx_word' id='word_1_79' title='bbox 881 1049 1035 1087; x_wconf 82' lang='lat' dir='ltr'>Arcana</span> <span class='ocrx_word' id='word_1_80' title='bbox 1054 1048 1189 1087; x_wconf 75' lang='lat' dir='ltr'>videre</span> <span class='ocrx_word' id='word_1_81' title='bbox 1454 1051 1478 1086; x_wconf 70' lang='grc'>4</span> <span class='ocrx_word' id='word_1_82' title='bbox 1509 1050 1531 1086; x_wconf 69' lang='lat'>53</span> 
     </span>
     <span class='ocr_line' id='line_1_13' title="bbox 254 1118 1169 1171; baseline 0.002 -14"><span class='ocrx_word' id='word_1_83' title='bbox 254 1118 411 1166; x_wconf 60' lang='lat' dir='ltr'>Caelica,</span> <span class='ocrx_word' id='word_1_84' title='bbox 428 1124 618 1158; x_wconf 86' lang='lat' dir='ltr'>venturos</span> <span class='ocrx_word' id='word_1_85' title='bbox 637 1119 754 1171; x_wconf 74' lang='lat' dir='ltr'>longe</span> <span class='ocrx_word' id='word_1_86' title='bbox 774 1131 1018 1171; x_wconf 59' lang='lat' dir='ltr'>prrenoscere</span> <span class='ocrx_word' id='word_1_87' title='bbox 1040 1131 1169 1168; x_wconf 80' lang='lat' dir='ltr'>casus⁷</span> 
     </span>
    </p>

    <p class='ocr_par' dir='ltr' id='par_1_9' title="bbox 254 1189 1180 1243">
     <span class='ocr_line' id='line_1_14' title="bbox 254 1189 1180 1243; baseline 0.001 -14"><span class='ocrx_word' id='word_1_88' title='bbox 254 1192 301 1229; x_wconf 87' lang='lat' dir='ltr'>Et</span> <span class='ocrx_word' id='word_1_89' title='bbox 326 1189 454 1230; x_wconf 83' lang='lat' dir='ltr'>fatum</span> <span class='ocrx_word' id='word_1_90' title='bbox 475 1191 658 1242; x_wconf 74' lang='lat' dir='ltr'>praescire</span> <span class='ocrx_word' id='word_1_91' title='bbox 684 1203 820 1240; x_wconf 87' lang='lat' dir='ltr'>suum,</span> <span class='ocrx_word' id='word_1_92' title='bbox 845 1196 1022 1243; x_wconf 86' lang='lat' dir='ltr'>spectare</span> <span class='ocrx_word' id='word_1_93' title='bbox 1043 1190 1180 1230; x_wconf 81' lang='lat' dir='ltr'>beatas</span> 
     </span>
    </p>

    <p class='ocr_par' dir='ltr' id='par_1_10' title="bbox 254 1263 1247 1316">
     <span class='ocr_line' id='line_1_15' title="bbox 254 1263 1247 1316; baseline 0.001 -15"><span class='ocrx_word' id='word_1_94' title='bbox 254 1264 333 1302; x_wconf 86' lang='lat' dir='ltr'>Has</span> <span class='ocrx_word' id='word_1_95' title='bbox 352 1263 522 1313; x_wconf 83' lang='lat' dir='ltr'>animas,</span> <span class='ocrx_word' id='word_1_96' title='bbox 553 1263 768 1316; x_wconf 81' lang='lat' dir='ltr'>subterque</span> <span class='ocrx_word' id='word_1_97' title='bbox 793 1264 915 1315; x_wconf 89' lang='lat' dir='ltr'>pedes</span> <span class='ocrx_word' id='word_1_98' title='bbox 937 1263 1131 1303; x_wconf 75' lang='lat' dir='ltr'>radiantia</span> <span class='ocrx_word' id='word_1_99' title='bbox 1154 1263 1247 1303; x_wconf 90' lang='lat' dir='ltr'>solis</span> 
     </span>
    </p>

    <p class='ocr_par' dir='ltr' id='par_1_11' title="bbox 253 1334 1281 1383">
     <span class='ocr_line' id='line_1_16' title="bbox 253 1334 1281 1383; baseline 0.001 -10"><span class='ocrx_word' id='word_1_100' title='bbox 253 1334 422 1374; x_wconf 84' lang='lat' dir='ltr'>Lumina</span> <span class='ocrx_word' id='word_1_101' title='bbox 443 1339 481 1374; x_wconf 89' lang='lat' dir='ltr'>et</span> <span class='ocrx_word' id='word_1_102' title='bbox 506 1335 694 1375; x_wconf 82' lang='lat' dir='ltr'>adversos</span> <span class='ocrx_word' id='word_1_103' title='bbox 712 1340 794 1375; x_wconf 86' lang='lat' dir='ltr'>tam</span> <span class='ocrx_word' id='word_1_104' title='bbox 814 1334 938 1374; x_wconf 76' lang='lat' dir='ltr'>vastis</span> <span class='ocrx_word' id='word_1_105' title='bbox 956 1335 1147 1374; x_wconf 81' lang='lat' dir='ltr'>tractibus</span> <span class='ocrx_word' id='word_1_106' title='bbox 1173 1347 1281 1383; x_wconf 74' lang='lat' dir='ltr'>axeS,</span> 
     </span>
    </p>

    <p class='ocr_par' dir='ltr' id='par_1_12' title="bbox 253 1406 1532 1530">
     <span class='ocr_line' id='line_1_17' title="bbox 253 1406 1532 1458; baseline -0.002 -13"><span class='ocrx_word' id='word_1_107' title='bbox 253 1407 344 1445; x_wconf 80' lang='lat' dir='ltr'>Haec</span> <span class='ocrx_word' id='word_1_108' title='bbox 364 1417 571 1458; x_wconf 83' lang='lat' dir='ltr'>nunquam</span> <span class='ocrx_word' id='word_1_109' title='bbox 595 1406 755 1446; x_wconf 82' lang='lat' dir='ltr'>fortuna</span> <span class='ocrx_word' id='word_1_110' title='bbox 777 1406 899 1454; x_wconf 83' lang='lat' dir='ltr'>dabit,</span> <span class='ocrx_word' id='word_1_111' title='bbox 928 1406 1020 1458; x_wconf 77' lang='lat' dir='ltr'>quia</span> <span class='ocrx_word' id='word_1_112' title='bbox 1040 1412 1181 1446; x_wconf 85' lang='lat' dir='ltr'>cuncta</span> <span class='ocrx_word' id='word_1_113' title='bbox 1201 1406 1352 1458; x_wconf 87' lang='lat' dir='ltr'>potenti</span> <span class='ocrx_word' id='word_1_114' title='bbox 1454 1408 1532 1445; x_wconf 69' lang='lat'>450</span> 
     </span>
     <span class='ocr_line' id='line_1_18' title="bbox 253 1478 1167 1530; baseline 0 -14"><span class='ocrx_word' id='word_1_115' title='bbox 253 1479 355 1517; x_wconf 84' lang='lat' dir='ltr'>Sunt</span> <span class='ocrx_word' id='word_1_116' title='bbox 373 1484 525 1517; x_wconf 81' lang='lat' dir='ltr'>servata</span> <span class='ocrx_word' id='word_1_117' title='bbox 549 1480 628 1517; x_wconf 88' lang='lat' dir='ltr'>Deo</span> <span class='ocrx_word' id='word_1_118' title='bbox 653 1492 661 1517; x_wconf 89' lang='lat'>:</span> <span class='ocrx_word' id='word_1_119' title='bbox 686 1478 750 1530; x_wconf 86' lang='lat' dir='ltr'>qui</span> <span class='ocrx_word' id='word_1_120' title='bbox 772 1479 803 1517; x_wconf 87' lang='lat' dir='ltr'>si</span> <span class='ocrx_word' id='word_1_121' title='bbox 823 1483 861 1518; x_wconf 88' lang='lat' dir='ltr'>te</span> <span class='ocrx_word' id='word_1_122' title='bbox 879 1478 1031 1517; x_wconf 88' lang='lat' dir='ltr'>lumine</span> <span class='ocrx_word' id='word_1_123' title='bbox 1056 1483 1167 1517; x_wconf 80' lang='lat' dir='ltr'>tanto</span> 
     </span>
    </p>

    <p class='ocr_par' dir='ltr' id='par_1_13' title="bbox 255 1548 1229 1601">
     <span class='ocr_line' id='line_1_19' title="bbox 255 1548 1229 1601; baseline 0.001 -14"><span class='ocrx_word' id='word_1_124' title='bbox 255 1548 445 1598; x_wconf 80' lang='lat' dir='ltr'>Illustrat,</span> <span class='ocrx_word' id='word_1_125' title='bbox 469 1561 642 1601; x_wconf 83' lang='lat' dir='ltr'>quonam</span> <span class='ocrx_word' id='word_1_126' title='bbox 663 1553 702 1589; x_wconf 86' lang='lat' dir='ltr'>te</span> <span class='ocrx_word' id='word_1_127' title='bbox 726 1549 790 1589; x_wconf 87' lang='lat' dir='ltr'>alii</span> <span class='ocrx_word' id='word_1_128' title='bbox 813 1550 1029 1601; x_wconf 77' lang='lat' dir='ltr'>dignentur</span> <span class='ocrx_word' id='word_1_129' title='bbox 1044 1549 1229 1589; x_wconf 75' lang='lat' dir='ltr'>honore?</span> 
     </span>
    </p>

    <p class='ocr_par' dir='ltr' id='par_1_14' title="bbox 251 1620 1289 1673">
     <span class='ocr_line' id='line_1_20' title="bbox 251 1620 1289 1673; baseline 0.001 -14"><span class='ocrx_word' id='word_1_130' title='bbox 251 1622 339 1659; x_wconf 87' lang='lat' dir='ltr'>Non</span> <span class='ocrx_word' id='word_1_131' title='bbox 356 1632 446 1672; x_wconf 73' lang='lat' dir='ltr'>ergo</span> <span class='ocrx_word' id='word_1_132' title='bbox 464 1620 664 1660; x_wconf 88' lang='lat' dir='ltr'>immerito</span> <span class='ocrx_word' id='word_1_133' title='bbox 689 1620 832 1660; x_wconf 86' lang='lat' dir='ltr'>fractos</span> <span class='ocrx_word' id='word_1_134' title='bbox 853 1621 1083 1673; x_wconf 81' lang='lat' dir='ltr'>passimque</span> <span class='ocrx_word' id='word_1_135' title='bbox 1109 1622 1289 1673; x_wconf 74' lang='lat' dir='ltr'>jztcentes</span> 
     </span>
    </p>

    <p class='ocr_par' dir='ltr' id='par_1_15' title="bbox 253 1692 1260 1744">
     <span class='ocr_line' id='line_1_21' title="bbox 253 1692 1260 1744; baseline 0.001 -14"><span class='ocrx_word' id='word_1_136' title='bbox 253 1692 453 1743; x_wconf 60' lang='lat' dir='ltr'>Hesperiae</span> <span class='ocrx_word' id='word_1_137' title='bbox 474 1692 624 1744; x_wconf 86' lang='lat' dir='ltr'>campis</span> <span class='ocrx_word' id='word_1_138' title='bbox 645 1692 792 1732; x_wconf 86' lang='lat' dir='ltr'>totiens</span> <span class='ocrx_word' id='word_1_139' title='bbox 813 1692 1070 1744; x_wconf 75' lang='lat' dir='ltr'>despeximus</span> <span class='ocrx_word' id='word_1_140' title='bbox 1090 1692 1227 1732; x_wconf 88' lang='lat' dir='ltr'>hostes</span> <span class='ocrx_word' id='word_1_141' title='bbox 1253 1706 1260 1731; x_wconf 92' lang='lat'>:</span> 
     </span>
    </p>

    <p class='ocr_par' dir='ltr' id='par_1_16' title="bbox 253 1763 1531 1887">
     <span class='ocr_line' id='line_1_22' title="bbox 253 1763 1531 1803; baseline 0 0"><span class='ocrx_word' id='word_1_142' title='bbox 253 1763 437 1803; x_wconf 87' lang='lat' dir='ltr'>Vidimus</span> <span class='ocrx_word' id='word_1_143' title='bbox 457 1769 494 1803; x_wconf 90' lang='lat' dir='ltr'>et</span> <span class='ocrx_word' id='word_1_144' title='bbox 514 1769 661 1803; x_wconf 60' lang='lat' dir='ltr'>nostrae</span> <span class='ocrx_word' id='word_1_145' title='bbox 687 1764 904 1803; x_wconf 88' lang='lat' dir='ltr'>vindictam</span> <span class='ocrx_word' id='word_1_146' title='bbox 930 1765 1086 1803; x_wconf 88' lang='lat' dir='ltr'>mortis.</span> <span class='ocrx_word' id='word_1_147' title='bbox 1108 1764 1168 1803; x_wconf 88' lang='lat' dir='ltr'>Ab</span> <span class='ocrx_word' id='word_1_148' title='bbox 1188 1764 1255 1803; x_wconf 83' lang='lat' dir='ltr'>illa</span> <span class='ocrx_word' id='word_1_149' title='bbox 1453 1766 1531 1803; x_wconf 66' lang='lat'>455</span> 
     </span>
     <span class='ocr_line' id='line_1_23' title="bbox 253 1834 1181 1887; baseline 0 -13"><span class='ocrx_word' id='word_1_150' title='bbox 253 1835 427 1886; x_wconf 63' lang='lat' dir='ltr'>Egregiae</span> <span class='ocrx_word' id='word_1_151' title='bbox 454 1836 613 1887; x_wconf 85' lang='lat' dir='ltr'>pietatis</span> <span class='ocrx_word' id='word_1_152' title='bbox 629 1835 751 1875; x_wconf 88' lang='lat' dir='ltr'>habes</span> <span class='ocrx_word' id='word_1_153' title='bbox 771 1848 841 1887; x_wconf 85' lang='lat' dir='ltr'>per</span> <span class='ocrx_word' id='word_1_154' title='bbox 860 1835 1000 1875; x_wconf 52' lang='lat' dir='ltr'>saecula</span> <span class='ocrx_word' id='word_1_155' title='bbox 1017 1834 1181 1875; x_wconf 83' lang='lat' dir='ltr'>famam.</span> 
     </span>
    </p>

    <p class='ocr_par' dir='ltr' id='par_1_17' title="bbox 253 1907 1440 2102">
     <span class='ocr_line' id='line_1_24' title="bbox 253 1907 1440 1959; baseline -0.001 -13"><span class='ocrx_word' id='word_1_156' title='bbox 253 1929 305 1934; x_wconf 90' lang='lat'>—</span> <span class='ocrx_word' id='word_1_157' title='bbox 329 1907 531 1954; x_wconf 78' lang='lat' dir='ltr'>Quidlibet</span> <span class='ocrx_word' id='word_1_158' title='bbox 551 1907 645 1946; x_wconf 88' lang='lat' dir='ltr'>hinc</span> <span class='ocrx_word' id='word_1_159' title='bbox 664 1907 780 1957; x_wconf 80' lang='lat' dir='ltr'>aude,</span> <span class='ocrx_word' id='word_1_160' title='bbox 804 1919 962 1946; x_wconf 86' lang='lat' dir='ltr'>mecum</span> <span class='ocrx_word' id='word_1_161' title='bbox 978 1919 1073 1946; x_wconf 87' lang='lat' dir='ltr'>nam</span> <span class='ocrx_word' id='word_1_162' title='bbox 1100 1907 1283 1959; x_wconf 83' lang='lat' dir='ltr'>protinus</span> <span class='ocrx_word' id='word_1_163' title='bbox 1304 1919 1440 1946; x_wconf 84' lang='lat' dir='ltr'>aurem</span> 
     </span>
     <span class='ocr_line' id='line_1_25' title="bbox 254 1978 1328 2030; baseline 0 -13"><span class='ocrx_word' id='word_1_164' title='bbox 254 1978 414 2018; x_wconf 77' lang='lat' dir='ltr'>Iuvenis</span> <span class='ocrx_word' id='word_1_165' title='bbox 435 1983 552 2030; x_wconf 86' lang='lat' dir='ltr'>atque</span> <span class='ocrx_word' id='word_1_166' title='bbox 571 1978 752 2018; x_wconf 88' lang='lat' dir='ltr'>animum</span> <span class='ocrx_word' id='word_1_167' title='bbox 772 1990 940 2018; x_wconf 82' lang='lat' dir='ltr'>vacuum</span> <span class='ocrx_word' id='word_1_168' title='bbox 958 1992 966 2027; x_wconf 80' lang='lat'><em>3</em></span> <span class='ocrx_word' id='word_1_169' title='bbox 994 1979 1091 2030; x_wconf 85' lang='lat' dir='ltr'>quin</span> <span class='ocrx_word' id='word_1_170' title='bbox 1112 1979 1220 2018; x_wconf 87' lang='lat' dir='ltr'>ocius</span> <span class='ocrx_word' id='word_1_171' title='bbox 1237 1990 1328 2030; x_wconf 78' lang='lat' dir='ltr'>ergo</span> 
     </span>
     <span class='ocr_line' id='line_1_26' title="bbox 255 2049 1409 2102; baseline 0.001 -14"><span class='ocrx_word' id='word_1_172' title='bbox 255 2050 518 2101; x_wconf 73' lang='lat' dir='ltr'>ingredimur,</span> <span class='ocrx_word' id='word_1_173' title='bbox 547 2050 747 2102; x_wconf 74' lang='lat' dir='ltr'>fundoque</span> <span class='ocrx_word' id='word_1_174' title='bbox 767 2049 930 2089; x_wconf 85' lang='lat' dir='ltr'>brevem</span> <span class='ocrx_word' id='word_1_175' title='bbox 958 2050 1234 2089; x_wconf 85' lang='lat' dir='ltr'>consumimus</span> <span class='ocrx_word' id='word_1_176' title='bbox 1253 2049 1409 2090; x_wconf 89' lang='lat' dir='ltr'>horam.</span> 
     </span>
    </p>

    <p class='ocr_par' dir='ltr' id='par_1_18' title="bbox 255 2121 1527 2173">
     <span class='ocr_line' id='line_1_27' title="bbox 255 2121 1527 2173; baseline -0.001 -14"><span class='ocrx_word' id='word_1_177' title='bbox 255 2121 338 2169; x_wconf 79' lang='lat' dir='ltr'>Dic,</span> <span class='ocrx_word' id='word_1_178' title='bbox 361 2121 414 2160; x_wconf 85' lang='lat' dir='ltr'>ait</span> <span class='ocrx_word' id='word_1_179' title='bbox 434 2121 484 2170; x_wconf 81' lang='lat' dir='ltr'>is,</span> <span class='ocrx_word' id='word_1_180' title='bbox 513 2121 543 2161; x_wconf 93' lang='lat' dir='ltr'>si</span> <span class='ocrx_word' id='word_1_181' title='bbox 564 2121 644 2161; x_wconf 83' lang='lat' dir='ltr'>vita</span> <span class='ocrx_word' id='word_1_182' title='bbox 665 2127 802 2161; x_wconf 83' lang='lat' dir='ltr'>manet</span> <span class='ocrx_word' id='word_1_183' title='bbox 822 2127 911 2173; x_wconf 80' lang='lat' dir='ltr'>post</span> <span class='ocrx_word' id='word_1_184' title='bbox 928 2122 1060 2171; x_wconf 85' lang='lat' dir='ltr'>busta⁷</span> <span class='ocrx_word' id='word_1_185' title='bbox 1087 2122 1181 2173; x_wconf 86' lang='lat' dir='ltr'>quid</span> <span class='ocrx_word' id='word_1_186' title='bbox 1204 2121 1333 2161; x_wconf 87' lang='lat' dir='ltr'>almus</span> <span class='ocrx_word' id='word_1_187' title='bbox 1451 2125 1527 2161; x_wconf 66' lang='lat'>460</span> 
     </span>
    </p>
   </div>
   <div class='ocr_carea' id='block_1_3' title="bbox 1483 1051 1504 1086">
    <p class='ocr_par' dir='ltr' id='par_1_19' title="bbox 1483 1051 1504 1086">
     <span class='ocr_line' id='line_1_28' title="bbox 1483 1051 1504 1086; textangle 90"><span class='ocrx_word' id='word_1_188' title='bbox 1483 1051 1504 1086; x_wconf 44' lang='grc' dir='ltr'>,μ</span> 
     </span>
    </p>
   </div>
   <div class='ocr_carea' id='block_1_4' title="bbox 255 2295 1528 2387">
    <p class='ocr_par' dir='ltr' id='par_1_20' title="bbox 255 2295 1528 2387">
     <span class='ocr_line' id='line_1_29' title="bbox 300 2295 1528 2335; baseline 0.002 -11"><span class='ocrx_word' id='word_1_189' title='bbox 300 2295 375 2325; x_wconf 68' lang='grc' dir='ltr'>ΜΟ.</span> <span class='ocrx_word' id='word_1_190' title='bbox 394 2295 452 2325; x_wconf 88' lang='lat' dir='ltr'>Hic</span> <span class='ocrx_word' id='word_1_191' title='bbox 472 2304 583 2326; x_wconf 77' lang='lat' dir='ltr'>versus</span> <span class='ocrx_word' id='word_1_192' title='bbox 602 2296 695 2326; x_wconf 85' lang='lat' dir='ltr'>deest</span> <span class='ocrx_word' id='word_1_193' title='bbox 720 2295 752 2326; x_wconf 85' lang='lat' dir='ltr'>in</span> <span class='ocrx_word' id='word_1_194' title='bbox 779 2296 831 2326; x_wconf 85' lang='lat' dir='ltr'>ed.</span> <span class='ocrx_word' id='word_1_195' title='bbox 861 2296 954 2333; x_wconf 81' lang='lat' dir='ltr'>Bas.;</span> <span class='ocrx_word' id='word_1_196' title='bbox 976 2295 1095 2335; x_wconf 70' lang='lat' dir='ltr'>legitur</span> <span class='ocrx_word' id='word_1_197' title='bbox 1115 2299 1239 2334; x_wconf 83' lang='lat' dir='ltr'>autem,</span> <span class='ocrx_word' id='word_1_198' title='bbox 1267 2296 1443 2335; x_wconf 79' lang='lat' dir='ltr'>aliquando</span> <span class='ocrx_word' id='word_1_199' title='bbox 1471 2297 1528 2327; x_wconf 85' lang='lat' dir='ltr'>de-</span> 
     </span>
     <span class='ocr_line' id='line_1_30' title="bbox 255 2352 736 2387; baseline 0.002 -5"><span class='ocrx_word' id='word_1_200' title='bbox 255 2352 427 2387; x_wconf 77' lang='lat' dir='ltr'>formatus.</span> <span class='ocrx_word' id='word_1_201' title='bbox 449 2352 481 2382; x_wconf 85' lang='lat' dir='ltr'>in</span> <span class='ocrx_word' id='word_1_202' title='bbox 504 2352 654 2383; x_wconf 83' lang='lat' dir='ltr'>omuibus</span> <span class='ocrx_word' id='word_1_203' title='bbox 677 2362 736 2383; x_wconf 77' lang='lat' dir='ltr'>ms.</span> 
     </span>
    </p>
   </div>
   <div class='ocr_carea' id='block_1_5' title="bbox 255 2408 1531 2506">
    <p class='ocr_par' dir='ltr' id='par_1_21' title="bbox 255 2408 1531 2506">
     <span class='ocr_line' id='line_1_31' title="bbox 302 2408 1531 2451; baseline 0.002 -13"><span class='ocrx_word' id='word_1_204' title='bbox 302 2410 377 2439; x_wconf 61' lang='lat'>442.</span> <span class='ocrx_word' id='word_1_205' title='bbox 397 2408 462 2440; x_wconf 61' lang='lat' dir='ltr'>Hoc</span> <span class='ocrx_word' id='word_1_206' title='bbox 480 2409 605 2440; x_wconf 77' lang='lat' dir='ltr'>homiui</span> <span class='ocrx_word' id='word_1_207' title='bbox 625 2418 791 2450; x_wconf 75' lang='lat' dir='ltr'>nunqnam</span> <span class='ocrx_word' id='word_1_208' title='bbox 814 2410 898 2441; x_wconf 88' lang='lat' dir='ltr'>utin</span> <span class='ocrx_word' id='word_1_209' title='bbox 926 2420 987 2441; x_wconf 87' lang='lat' dir='ltr'>ms.</span> <span class='ocrx_word' id='word_1_210' title='bbox 1011 2411 1046 2449; x_wconf 88' lang='lat' dir='ltr'>E,</span> <span class='ocrx_word' id='word_1_211' title='bbox 1071 2410 1150 2441; x_wconf 78' lang='lat' dir='ltr'>alias</span> <span class='ocrx_word' id='word_1_212' title='bbox 1168 2410 1287 2451; x_wconf 77' lang='lat' dir='ltr'>legitur</span> <span class='ocrx_word' id='word_1_213' title='bbox 1305 2420 1310 2440; x_wconf 88' lang='lat'><strong>:</strong></span> <span class='ocrx_word' id='word_1_214' title='bbox 1336 2410 1423 2441; x_wconf 79' lang='lat' dir='ltr'>haud</span> <span class='ocrx_word' id='word_1_215' title='bbox 1449 2419 1531 2450; x_wconf 80' lang='lat' dir='ltr'>qua-</span> 
     </span>
     <span class='ocr_line' id='line_1_32' title="bbox 255 2464 590 2506; baseline 0.003 -11"><span class='ocrx_word' id='word_1_216' title='bbox 255 2474 351 2506; x_wconf 80' lang='lat' dir='ltr'>quam</span> <span class='ocrx_word' id='word_1_217' title='bbox 373 2464 432 2496; x_wconf 72' lang='lat' dir='ltr'>hoc</span> <span class='ocrx_word' id='word_1_218' title='bbox 453 2465 590 2496; x_wconf 77' lang='lat' dir='ltr'>homini.</span> 
     </span>
    </p>
   </div>
   <div class='ocr_carea' id='block_1_6' title="bbox 301 2521 1453 2565">
    <p class='ocr_par' dir='ltr' id='par_1_22' title="bbox 301 2521 1453 2565">
     <span class='ocr_line' id='line_1_33' title="bbox 301 2521 1453 2565; baseline 0.003 -13"><span class='ocrx_word' id='word_1_219' title='bbox 301 2523 377 2553; x_wconf 72' lang='lat'>452.</span> <span class='ocrx_word' id='word_1_220' title='bbox 399 2521 471 2553; x_wconf 75' lang='lat' dir='ltr'>Alio</span> <span class='ocrx_word' id='word_1_221' title='bbox 491 2522 642 2562; x_wconf 71' lang='lat' dir='ltr'>«liquetur</span> <span class='ocrx_word' id='word_1_222' title='bbox 660 2523 691 2554; x_wconf 86' lang='lat' dir='ltr'>in</span> <span class='ocrx_word' id='word_1_223' title='bbox 711 2525 763 2555; x_wconf 81' lang='lat' dir='ltr'>ed.</span> <span class='ocrx_word' id='word_1_224' title='bbox 787 2525 873 2562; x_wconf 56' lang='lat' dir='ltr'>Bas,</span> <span class='ocrx_word' id='word_1_225' title='bbox 895 2524 952 2555; x_wconf 75' lang='lat' dir='ltr'>alii</span> <span class='ocrx_word' id='word_1_226' title='bbox 970 2523 1144 2565; x_wconf 62' lang='lat' dir='ltr'>diffitentur</span> <span class='ocrx_word' id='word_1_227' title='bbox 1166 2524 1197 2555; x_wconf 86' lang='lat' dir='ltr'>iu</span> <span class='ocrx_word' id='word_1_228' title='bbox 1220 2524 1370 2555; x_wconf 80' lang='lat' dir='ltr'>omuibus</span> <span class='ocrx_word' id='word_1_229' title='bbox 1390 2533 1453 2556; x_wconf 75' lang='lat' dir='ltr'>ms,</span> 
     </span>
    </p>
   </div>
  </div>
 </body>
</html>
