1865 2959
907 233 1092 269 „28—

360 318 561 364 indolem
581 317 859 370 meminerit,
883 317 1009 361 nullo
1033 316 1170 361 modo
1195 317 1291 362 fieri
1319 317 1524 376 potuisse
1548 318 1645 362 fur-

360 400 457 440 tum
480 409 572 439 non
594 393 838 439 contendet
860 394 908 440 (1)
928 397 943 437 ?

426 475 546 518 Inter
572 487 731 517 omnes
753 471 1026 531 jamdudum
1058 476 1234 516 constat
1266 485 1525 531 nunquam,
1559 473 1647 517 nisi

359 565 494 610 quam
520 551 787 595 brevissime
825 564 850 594 a
891 549 1095 602 Sidonio,
1135 563 1160 593 a
1189 550 1481 609 scriptoribus
1508 550 1645 595 medii

358 631 439 676 tevi
467 629 752 674 nominatum
775 642 874 673 esse
893 628 1071 680 Silium;
1101 627 1265 672 deinde
1291 631 1463 671 Panem
1486 629 1582 687 ipsa
1600 630 1645 673 in

358 709 499 754 sancti
525 708 635 753 Galli
663 706 953 758 monasterio,
984 705 1282 764 quadraginta
1309 706 1482 750 circiter
1510 707 1644 751 annis

355 791 457 848 post
478 785 763 832 Petrarchain
785 789 1032 835 mortuum,
1053 798 1077 827 a
1092 784 1258 842 Poggio
1277 784 1462 828 inventa
1479 783 1640 836 fuisse,

357 880 446 910 una
466 879 566 909 cum
586 863 805 915 Lucretio,
823 862 1095 914 Quintiliano
1125 863 1314 920 aliisque
1341 863 1487 920 poetis
1510 866 1553 907 et
1576 876 1650 907 ve-

357 949 505 989 terum
532 957 682 987 rerum
709 941 988 986 auctoribus?
1008 941 1213 985 Narravit
1239 941 1335 999 ipse
1370 941 1563 999 Poggius
1599 941 1645 984 in

357 1022 552 1081 quadam
579 1021 780 1080 epistola,
798 1019 1023 1064 translatis
1051 1019 1198 1063 vorbis
1220 1018 1519 1072 redundante,
1537 1033 1646 1077 quo-

359 1100 495 1145 modo
533 1103 682 1144 vatem
715 1099 861 1151 iilum,
899 1098 1054 1142 multis
1093 1098 1269 1142 szcculis
1308 1097 1641 1149 oblitteratum,

360 1179 491 1224 tineis
507 1178 762 1237 subjectum
776 1181 819 1221 et
833 1177 959 1235 quasi
976 1177 1157 1235 penitus
1176 1176 1420 1235 sepultum,
1438 1175 1492 1219 ad
1508 1176 1647 1220 vitam

358 1257 634 1302 revocaverit
653 1260 695 1301 et
717 1256 818 1299 sinu
838 1255 1014 1299 foverit.
1046 1255 1140 1299 Hoc
1159 1268 1248 1298 uno
1272 1255 1408 1312 igitur
1428 1253 1643 1298 manifes-

360 1340 457 1380 tum
479 1340 547 1379 est
567 1335 703 1393 huJ'us
718 1347 878 1393 poema
893 1348 917 1376 a
934 1333 1185 1385 Petrarcha,
1207 1333 1338 1391 piane
1353 1332 1455 1375 licet
1471 1331 1648 1377 erudito

359 1413 415 1458 de
437 1412 649 1457 omnibus
670 1426 770 1470 quae
792 1411 848 1455 ad
869 1411 1183 1469 antiquitatem
1199 1411 1442 1469 pertinent,
1460 1409 1646 1453 omnino

360 1493 567 1550 ignotum
589 1490 876 1535 remansisse.
901 1490 1034 1548 Cujus
1062 1502 1229 1533 nomen
1247 1501 1304 1532 ne
1326 1487 1529 1531 inscribit
1556 1486 1651 1544 qui-

362 1570 464 1615 dem
487 1570 532 1613 in
555 1569 756 1628 quolibet
778 1582 966 1627 operum
988 1582 1177 1611 suorum
1199 1567 1312 1611 1000.
1328 1567 1420 1610 Imo
1443 1566 1525 1609 ait:
1547 1584 1567 1605 «
1589 1566 1650 1608 De

367 1666 387 1689 »
420 1648 506 1692 1100
529 1652 622 1692 tarn
650 1646 832 1691 laudato
849 1648 1019 1705 juvene
1041 1647 1052 1702 (
1075 1645 1305 1704 Scipione)
1332 1658 1468 1688 nemo
1496 1644 1615 1687 canit
1638 1659 1647 1695 ;

362 1744 384 1766 »
414 1725 535 1784 quod
553 1725 653 1769 ideo
676 1724 848 1768 dictum
866 1729 949 1777 est,
973 1723 1203 1782 quoniam,
1231 1723 1315 1767 etsi
1338 1721 1487 1766 omnis
1507 1721 1652 1765 histo-

364 1822 385 1844 »
416 1804 479 1847 ria
502 1802 713 1846 laudibus
732 1806 776 1846 et
800 1801 935 1847 rebus
954 1803 1050 1860 ers
1067 1801 1199 1860 plena
1222 1801 1295 1852 sit,
1318 1804 1361 1844 et
1376 1799 1572 1843 Ennium
1595 1798 1651 1843 de

364 1900 385 1922 »
414 1896 465 1926 00
484 1881 627 1925 muita
645 1881 876 1938 scripsisse
900 1894 992 1923 non
1015 1880 1074 1923 sit
1097 1879 1302 1929 dubium,
1326 1877 1426 1921 rudi
1446 1881 1491 1921 et
1512 1877 1650 1935 impo-

365 1978 385 2000 »
415 1960 509 2012 lito,
538 1963 587 2002 ut
610 1958 813 2003 Valerius
836 1958 911 2008 ait,
942 1957 1062 2007 stilo,
1086 1957 1247 2001 cultior
1266 1961 1418 2000 tamen
1447 1954 1501 1999 de
1531 1955 1651 1998 illius

366 2057 387 2078 »
418 2037 551 2081 rebus
578 2036 690 2080 liber
716 2036 929 2080 metricus
956 2049 1048 2079 non
1085 2038 1283 2094 apparet.
1314 2034 1376 2078 De
1405 2033 1491 2077 hoc
1516 2032 1651 2091 igitur

367 2134 387 2157 »
418 2120 663 2173 utcumque
702 2128 862 2159 canere
901 2114 1102 2167 institui,
1143 2113 1247 2171 quia
1289 2112 1457 2156 scilicet
1501 2110 1556 2155 de
1598 2124 1650 2155 eo

407 2296 455 2336 (1)
476 2296 635 2326 luterens
655 2294 708 2334 qui
728 2295 768 2326 de
789 2294 877 2326 furto
895 2293 1103 2325 Petrarcliam
1127 2292 1350 2329 absolverunt,
1367 2291 1441 2322 vide
1461 2292 1505 2322 LA
1519 2291 1650 2327 ΒΑΞΤΙΕ,

365 2353 462 2386 Me'm.
484 2352 522 2384 cle
543 2353 638 2384 l'mm.
660 2351 763 2384 Aemi.
783 2351 837 2383 des
855 2351 1080 2393 inscriptions,
1101 2354 1123 2381 t.
1144 2350 1210 2386 XV,
1233 2359 1264 2389 [1.
1287 2350 1363 2379 7884
1380 2366 1422 2371 -
1443 2349 1590 2384 Vossms.
1608 2348 1654 2380 De

365 2411 447 2443 [list.
467 2410 605 2448 Latinis,
625 2409 682 2440 lib.
707 2418 729 2447 1,
751 2418 822 2449 cap.
845 2410 946 2440 29.—
968 2407 1086 2439 Anual.
1111 2407 1254 2438 litterar.
1281 2405 1452 2448 Goettz'ny„
1473 2416 1526 2437 an.
1553 2406 1652 2443 1752,

365 2468 522 2505 additam,
546 2476 577 2507 p.
601 2467 764 2499 261-262.
784 2484 826 2489 —
846 2466 882 2497 Ο.
906 2465 1055 2502 Occwru.
1078 2463 1114 2498 G.
1133 2463 1215 2497 Silio
1233 2463 1347 2496 Italico
1370 2472 1386 2495 e
1405 2463 1428 2495 il
1445 2471 1502 2495 suo
1517 2471 1647 2506 poema.

365 2526 520 2566 (padova,
540 2523 655 2564 1869.)
