1865 2959
898 259 942 266 -
967 239 1038 275 ⁶244
1064 260 1108 266 -

414 322 525 363 Talia
544 323 641 363 dum
658 324 768 364 Poeni
794 330 1006 377 peragunt⁷
1028 336 1111 364 non
1138 323 1228 365 laeta
1248 324 1421 367 ferentes

358 394 552 435 Romulea
571 395 725 436 revehit
743 396 895 448 legatos
916 396 1067 436 missus
1088 396 1136 436 ab
1153 397 1253 437 urbe

356 466 515 516 Melius,
537 472 576 507 et
594 467 761 519 pavidos
784 468 902 508 Latiis
925 468 1135 508 succedere
1155 470 1296 509 castris

357 541 544 591 Imperat.
570 539 745 592 Agnovit
765 541 912 592 Scipio,
935 553 1008 581 nec
1030 546 1143 580 terna
1162 541 1235 581 sub
1262 554 1341 582 uno
1559 545 1638 584 820

356 613 554 664 Tempore
574 612 737 665 flagitia,
761 619 827 654 aut
848 613 991 666 triplex
1019 613 1165 665 injtiria
1183 614 1324 654 mitem

355 685 575 724 Excussere
596 685 793 725 animum.
820 688 986 737 Legatos
1007 697 1183 737 namque
1206 686 1378 739 benigne

353 755 582 809 Alloquitur
610 771 617 796 :
649 772 665 794 «
685 759 923 810 Quanquam
947 757 1122 810 primum
1143 758 1222 798 sint
1242 758 1392 799 foedera
1407 759 1520 799 vobis

353 829 402 866 Et
417 829 615 880 Superum
633 828 819 881 despecta
834 828 948 879 fides,
963 831 1107 882 jusque
1117 841 1236 870 omne
1249 831 1355 882 quod
1372 844 1542 884 usquam
1558 836 1632 882 est,

351 901 438 940 Non
459 906 596 941 tamen
617 913 637 941 a
658 901 775 941 nobis
797 902 916 941 modo
936 902 1100 954 praemia
1122 903 1242 954 digna
1267 902 1403 944 seretis
1555 906 1634 945 8⁶25

350 971 530 1013 Perfidia}
548 987 556 1022 3
581 973 714 1013 veniet
737 972 895 1014 fraudes
916 985 1005 1026 quae
1025 974 1202 1014 vindicet
1222 986 1364 1015 omnes

349 1044 437 1084 Una
451 1044 536 1084 dies
563 1059 571 1084 :
593 1045 649 1084 nil
669 1045 883 1097 indignum
903 1058 971 1086 seu
994 1046 1174 1086 moribus
1190 1047 1231 1086 in
1256 1059 1327 1087 vos

347 1118 436 1168 Ipse
455 1117 555 1157 meis
572 1116 730 1167 faciam,
754 1130 822 1158 seu
846 1120 1056 1170 majestate
1077 1130 1279 1168 meorum,

346 1189 426 1229 Nec
446 1193 617 1229 vestram
642 1201 785 1242 sequar
809 1190 893 1242 ipse
911 1189 1057 1240 fidem;
1088 1190 1281 1231 discedite
1299 1190 1392 1230 tuti.

346 1260 482 1301 Mitius
508 1266 683 1301 armatos
700 1261 806 1302 inter
827 1262 900 1302 sub
920 1267 1102 1315 temporo
1125 1262 1218 1302 belli
1551 1266 1630 1304 830

346 1334 549 1374 Romanos
568 1333 710 1385 habiti,
732 1346 853 1387 quam
875 1347 949 1375 nos
970 1335 1044 1375 suh
1069 1335 1177 1387 pacis
1205 1335 1354 1375 amictu

345 1405 425 1445 Vos
444 1405 564 1446 inter.
585 1421 602 1444 n

344 1477 507 1517 Viribus
526 1478 612 1530 ipse
639 1478 865 1530 animisque
886 1478 1029 1530 ingens
1047 1478 1089 1518 in
1108 1483 1289 1531 tempore
1309 1478 1460 1519 bellum

343 1550 537 1590 Fervidus
556 1550 753 1591 instaurat
772 1565 780 1599 ;
804 1550 938 1603 Libyae
960 1555 1087 1590 status
1111 1550 1187 1590 iste
1210 1551 1392 1603 paventis

341 1623 454 1662 Tunc
474 1627 572 1663 erat.
596 1623 705 1663 ltalia
726 1623 794 1663 sed
812 1624 896 1675 Jam
917 1623 997 1663 dux
1015 1624 1155 1675 jussus
1172 1628 1339 1676 uterque
1547 1624 1625 1663 835

339 1694 536 1746 Cesserat,
559 1700 598 1736 et
617 1696 727 1735 varia
747 1696 932 1748 quamvis
952 1696 1113 1748 regione
1136 1695 1334 1748 profectas

338 1767 527 1819 AEquoris
548 1779 592 1807 ac
607 1768 744 1819 patriae
761 1767 956 1807 fraternas
977 1773 1157 1820 tempore
1176 1768 1319 1808 eodem

336 1839 565 1880 Adventare
584 1840 688 1880 acies
709 1840 858 1892 passim
872 1841 958 1892 Jam
978 1839 1085 1880 fama
1105 1839 1272 1880 ferebat.

334 1911 506 1962 Jamque
532 1913 644 1963 Mago
660 1913 796 1964 januae
818 1911 979 1952 solvens
998 1924 1019 1951 a
1039 1912 1172 1952 littore
1187 1911 1356 1952 classem

335 1982 440 2023 Alite
459 1995 543 2023 non
565 1982 694 2024 fausta
712 1983 850 2036 pelago
873 1996 914 2024 se
934 1984 1092 2024 saucius
1114 1984 1192 2024 alto
1543 1985 1621 2023 840

336 2054 580 2106 Crediderat,
601 2055 773 2108 patriam
793 2056 991 2108 petiturus
1011 2056 1172 2096 tramite
1190 2059 1299 2096 recto

378 2244 455 2275 8⁶27.
474 2242 539 2276 Nos
555 2243 589 2275 in
603 2244 655 2277 ed.
676 2244 764 2282 Bas„
779 2252 832 2276 vos
848 2244 879 2275 in
901 2253 963 2275 ms.
987 2244 1024 2282 A,
1043 2243 1077 2280 B,
1096 2242 1130 2280 C,
1152 2242 1189 2279 D,
1212 2241 1248 2272 E.

377 2302 453 2332 834.
476 2300 544 2343 Ipse
565 2301 598 2332 in
619 2302 671 2333 ed.
693 2302 784 2339 Bas..
804 2302 863 2333 isle
884 2300 916 2332 in
932 2299 1084 2333 omnibus
1102 2308 1163 2330 ms.

376 2359 451 2389 837.
476 2357 517 2390 Et
538 2358 570 2389 in
592 2359 645 2390 ed.
665 2359 754 2396 Bas,
773 2368 810 2390 ac
831 2359 860 2389 in
883 2368 944 2389 ms.
963 2359 1002 2396 Α,
1026 2357 1060 2395 B,
1080 2358 1114 2394 C,
1135 2357 1172 2392 D¹
1188 2356 1222 2386 F.

374 2416 449 2446 839.
472 2414 590 2457 Mayno
608 2416 639 2446 in
662 2417 713 2447 ed.
731 2417 821 2454 Bas„
843 2414 936 2456 Maqo
955 2414 987 2445 in
1008 2423 1069 2444 ins.
1090 2414 1130 2449 Α,
1153 2413 1190 2450 Β,
1213 2414 1247 2450 C,
1268 2413 1305 2450 D,
1323 2412 1357 2443 F.

372 2473 448 2503 8141.
472 2472 506 2503 In
533 2472 685 2505 omnibus
705 2482 781 2511 ms.‚
803 2475 921 2512 praeter
940 2479 1001 2502 ms.
1022 2470 1067 2509 Α,
1088 2471 1180 2501 deest
1205 2479 1265 2501 vox
1284 2470 1472 2510 petiturus,·
1492 2468 1523 2500 in
1551 2478 1610 2500 τηε.

326 2529 363 2567 Β,
385 2531 422 2568 D,
445 2530 515 2562 haec
535 2531 599 2562 alia
618 2530 739 2563 servari
760 2529 932 2571 posteriori
953 2538 1050 2560 manu
1071 2527 1193 2560 inserta
1214 2530 1274 2559 est.
