1865 2959
882 264 1068 298 —22—

329 349 582 402 Zamaensi‚
601 349 715 392 nihil
733 349 778 392 in
795 348 1060 393 Asdrubalis
1079 348 1302 401 oratione,
1325 348 1438 391 nihil
1456 349 1501 392 in
1522 348 1622 394 des-

330 428 548 486 criptione
573 427 778 471 Herculis
803 427 1026 480 laborum,
1054 427 1194 479 Etnae,
1216 426 1413 485 Alpium,
1436 429 1620 472 Aurorae

331 505 493 558 etiam,
523 518 625 564 quae
652 509 803 550 tamen
830 505 924 550 fere
950 504 1110 549 eadem
1147 504 1284 550 verba
1310 518 1488 564 semper
1514 520 1619 565 pos-

338 587 461 627 cunt.

394 661 578 720 Utrique
601 665 923 720 autem,quum
953 660 1124 719 aliquid
1150 661 1256 705 novi
1283 661 1486 706 invenire
1513 675 1620 705 con-

335 740 494 798 tingat,
520 741 706 784 omnino
735 739 978 783 dissimiles
1005 752 1163 783 eorum
1204 752 1435 783 occurrero
1468 739 1622 784 riden-

336 822 409 861 tur
442 819 695 863 sententiae.
736 819 931 875 Uterque
972 816 1114 861 Publii
1156 816 1374 875 Scipionis
1415 817 1622 860 umbram

335 896 427 940 filio
449 895 623 948 adesse,
651 896 771 954 prior
792 900 943 940 autem
972 895 1016 937 in
1039 895 1227 951 Elysaris
1255 895 1438 953 campis,
1470 899 1621 952 poste-

334 974 424 1017 rior
450 974 494 1016 in
523 973 712 1017 somniis
735 973 895 1031 fingitJ
926 972 996 1016 hic
1024 972 1183 1024 multa,
1208 972 1283 1016 ille
1312 986 1532 1030 perpauca
1554 972 1621 1015 lo—

334 1056 566 1110 quentem.
614 1051 809 1109 Uterque
848 1050 1043 1094 Ennium
1083 1049 1294 1108 produxit
1315 1066 1324 1102 ;
1367 1050 1478 1095 alter
1515 1063 1623 1094 vero

334 1130 457 1174 hunc
474 1129 638 1173 fortem
656 1129 971 1173 centurionem
989 1128 1121 1186 fingit
1146 1141 1244 1173 sese
1261 1128 1415 1186 praelio
1434 1128 1624 1172 miscen-

337 1211 428 1252 tem
451 1210 496 1252 et
528 1206 583 1250 ab
609 1207 818 1265 Apolline
844 1207 942 1265 ipso
972 1211 1224 1254 servatum,
1253 1207 1329 1264 qui
1358 1221 1462 1251 eum
1485 1206 1622 1250 dilec-

336 1289 433 1329 tum
454 1286 592 1330 Musis
613 1285 708 1330 fore
735 1290 778 1329 et
803 1284 1001 1329 Hesiodo
1024 1285 1240 1329 {emulum
1261 1284 1463 1343 praedicit
1477 1301 1486 1337 ;
1512 1285 1623 1329 altor

335 1364 552 1423 Scipionis
580 1367 756 1408 tantum
781 1364 1000 1417 amicum,
1031 1364 1107 1422 qui
1135 1364 1323 1407 somniis
1351 1363 1622 1421 quibusdam

336 1442 568 1494 excitatus,
591 1442 768 1500 epicum
797 1441 853 1487 de
878 1442 1140 1500 triumphali
1167 1442 1263 1486 viro
1291 1455 1471 1485 carmen
1498 1440 1623 1484 moli-

338 1523 424 1563 tur.
455 1520 650 1578 Uterque
678 1521 813 1564 etiem
840 1520 1026 1564 Homeri
1048 1520 1282 1578 ingentem
1301 1519 1510 1563 umbram
1531 1534 1624 1562 ino-

338 1598 422 1651 vit,
449 1598 685 1642 Peli-archa
714 1603 818 1642 ante
841 1598 995 1642 oculos
1023 1598 1292 1642 somniantis
1322 1598 1466 1649 Ennii,
1492 1597 1623 1641 Silius

335 1680 440 1720 ante
460 1676 720 1720 Africanum
741 1676 892 1735 ipsum
911 1676 957 1720 in
982 1676 1137 1720 inferis
1157 1675 1467 1719 ambulantem
1486 1691 1495 1727 ;
1523 1689 1622 1732 quse

337 1755 472 1799 eliam
499 1755 544 1798 in
573 1755 694 1807 Silio,
725 1754 968 1800 Alexandri
995 1755 1158 1808 instar,
1189 1754 1435 1799 exclamat:

456 1869 553 1904 Felix
577 1868 741 1914 AEacida,
765 1868 831 1915 qui
849 1869 914 1904 tali
936 1869 1091 1915 contigit
1112 1879 1174 1904 ore

456 1929 635 1965 Gentibus
653 1928 820 1964 ostendi!
844 1929 965 1965 Crevit
987 1931 1052 1963 tua
1072 1929 1238 1964 carmine
1256 1928 1384 1964 virtus.

398 2049 518 2093 Inter
558 2062 635 2093 eos
671 2049 746 2107 qui
785 2049 1072 2093 Petrarcham
1115 2048 1223 2093 furti
1259 2048 1620 2093 insimulaverint

339 2127 524 2185 gallicus
562 2127 646 2170 fuit
685 2127 775 2170 Silii
812 2126 996 2185 quidam
1039 2127 1260 2186 interpres
1307 2126 1523 2171 chebvre
1565 2125 1620 2171 de

339 2204 615 2249 Villobrune.
652 2205 862 2263 Vulgavit
898 2205 1019 2249 enim
1060 2206 1106 2248 in
1139 2218 1219 2249 sua
1246 2204 1443 2249 editione
1478 2208 1619 2247 Peme?-

340 2298 495 2326 comm
516 2282 761 2340 quamdam
788 2284 991 2340 Magonis
1018 2284 1251 2328 morientis
1276 2284 1525 2328 orationem
1554 2283 1619 2334 (4),

383 2502 430 2542 (1)
447 2501 471 2532 li
493 2503 571 2532 sunt
592 2500 652 2540 ipsi
672 2509 787 2532 versus
807 2509 889 2540 qnos
909 2500 1068 2531 Barbatus
1087 2499 1314 2531 Sulinonensis
1334 2499 1393 2531 sibi
1415 2498 1620 2535 commissos,

343 2558 516 2589 petrarcha
537 2557 650 2595 invito,
672 2557 823 2598 vulgavit.
849 2557 929 2588 Vide
949 2566 1020 2597 cap.
1040 2564 1097 2587 vn.
