1865 2959
788 716 900 761 VIII.

421 897 521 931 QUAE
554 898 732 936 FUEmT,
770 896 1034 927 PETRARCHA
1067 897 1265 935 MORTUO,

588 975 763 1005 AFRICAE
797 975 1004 1005 FORTUNA
1037 960 1101 1007 (4).

264 1145 476 1190 Nondum
503 1146 550 1190 in
587 1146 752 1205 vulgus
781 1146 1110 1205 percrebuerat,
1145 1160 1286 1204 quum
1319 1159 1480 1204 repen-

205 1224 298 1268 tino
334 1224 569 1268 Petrarcha
617 1227 824 1268 mortuus
869 1228 937 1268 est
979 1225 1052 1281 (xx
1083 1224 1167 1282 jul.
1198 1226 1478 1281 Mcocrixxiv)9

205 1307 358 1358 Africa
375 1319 389 1358 ,·
416 1317 465 1347 ac
500 1307 598 1347 tum
620 1303 881 1361 aliquandiu
901 1303 1152 1362 praeclarior
1191 1303 1332 1348 evasit
1366 1302 1482 1346 inter

205 1381 371 1425 amicos
393 1382 613 1440 poematis
636 1381 771 1439 hujus
799 1381 1085 1426 existimatio.

265 1460 433 1517 Itaque,
459 1459 533 1503 vix
563 1459 638 1504 ille
665 1459 785 1504 diem
813 1459 996 1512 obierat,
1032 1473 1173 1517 quum
1200 1459 1480 1504 Franciscolo

206 1536 262 1582 de
280 1538 517 1590 Brossano‚
552 1538 648 1596 ejus
668 1551 850 1595 genero,
886 1538 1061 1596 scripsit
1089 1537 1333 1591 Boccatius‚
1357 1540 1401 1581 et
1427 1536 1482 1581 de

205 1616 401 1660 carmine
447 1619 573 1660 tanto
620 1616 750 1661 anxie
789 1619 1076 1674 percontatus
1126 1619 1208 1661 est.
1259 1612 1483 1660 Metuebat

206 1695 327 1739 enim
352 1708 410 1739 ne
439 1694 486 1737 in
507 1708 668 1738 manus
690 1694 804 1738 ultra
832 1693 1021 1738 modum
1048 1693 1326 1746 obedientes,
1358 1708 1481 1737 com-

205 1771 407 1816 burenda
429 1772 610 1825 scilicet,
639 1771 856 1816 incideret
881 1775 1059 1827 Africa,-
1093 1772 1208 1816 hanc
1229 1772 1364 1816 etiam
1388 1773 1481 1830 jam

206 1849 489 1894 combustam
529 1863 628 1894 esse
667 1849 991 1908 suspicabatur.
1035 1850 1176 1901 Quam
1216 1853 1259 1894 et
1290 1850 1481 1909 posteris

206 1926 489 1980 servandam)
528 1930 642 1972 teste
676 1927 881 1986 ejusdem
911 1927 1104 1986 quadam
1142 1928 1326 1972 metrica
1362 1928 1480 1986 epis-

206 2005 298 2048 tola
337 2004 409 2061 (v.
448 2004 754 2063 Appendicem
780 2007 844 2064 1),
884 2009 982 2050 tum
1017 2019 1291 2065 magnopere
1330 2006 1480 2064 cupie—

205 2081 296 2125 bat.
326 2082 466 2133 Quare
503 2083 799 2127 vehementer
832 2083 1084 2128 intercessit
1119 2087 1169 2128 ut
1194 2083 1481 2142 indagaretur

207 2158 291 2202 sibi
328 2160 706 2205 committendum
744 2161 1056 2205 Petrarcbiana
1093 2174 1232 2205 manu
1265 2163 1480 2220 scriptum

206 2237 447 2296 exemplar.
480 2238 648 2290 Quibus
676 2239 861 2284 demum
888 2239 1207 2294 commonitus,
1231 2240 1383 2284 omnia
1408 2240 1478 2283 in-

249 2387 294 2430 (1)
313 2387 445 2427 Omnes,
470 2398 542 2429 quae
562 2389 650 2422 infra
669 2394 922 2432 expromuntur,
943 2392 1103 2432 epistolae,
1126 2395 1194 2423 tum
1220 2401 1260 2423 ex
1279 2401 1343 2423 uno
1369 2392 1481 2424 codice

205 2445 415 2477 Bibliotheca}
434 2446 662 2479 Laurentianae
692 2448 805 2489 (Serie
833 2449 866 2479 di
898 2449 1007 2480 Codici
1036 2449 1208 2486 Gaddiaui,
1230 2449 1313 2479 Plut.
1332 2450 1386 2486 90,
1406 2458 1478 2489 sup.

207 2508 242 2532 n⁰
254 2503 308 2540 41,
321 2502 383 2543 30),
400 2505 468 2533 tum
483 2512 500 2534 e
515 2503 550 2535 C.
569 2503 707 2536 Salutati
720 2504 870 2545 epistolis
884 2505 1059 2537 Florentiae
1073 2506 1187 2547 (1741)
1201 2505 1309 2544 editis,
1322 2509 1482 2544 excerptae

206 2562 295 2591 sunt.

1270 2625 1292 2658 5
