1865 2959
850 147 889 151 —
920 127 987 160 '177
1014 147 1057 151 —

316 208 480 248 Praemia
501 208 710 258 militibus,
733 209 858 249 virtus
879 214 922 249 ut
946 209 1073 249 alatur
1092 209 1243 249 honore

314 279 428 318 Haud
455 279 639 331 equidem
667 281 843 332 ignarus.
869 282 1013 320 Fuerat
1033 293 1121 320 mos
1144 281 1212 321 ille
1236 286 1419 322 vetustus

316 351 507 390 Romanis
526 350 694 391 ducibus
714 351 842 403 primo
864 356 1043 392 servatus
1064 352 1112 391 ab
1132 364 1230 402 aevo,

315 422 510 462 Invalidas
535 427 721 474 tutasque
739 422 827 463 altis
848 435 938 463 curn
959 423 1160 463 moenibus
1178 424 1298 465 urbes

315 493 496 544 Cingeret
515 493 684 543 obsidio,
705 494 766 533 cui
796 494 974 546 primum
995 494 1184 534 scandere
1203 507 1339 534 muros

315 566 392 604 Seu
412 564 538 604 virtus
563 576 631 604 seu
654 563 732 604 fata
753 565 907 614 darent,
934 577 1156 617 proponere
1176 565 1322 605 dictam

314 635 484 675 Nomine
504 636 701 676 muralem
727 636 775 676 de
796 649 835 676 re
854 637 1041 676 veniente
1064 648 1266 676 coronam.

314 708 397 746 Hoc
415 707 531 759 pretii
552 707 911 760 praedulce-genus⁷
934 708 1025 760 quia
1046 707 1170 759 gloria
1202 714 1359 748 mentes

314 778 466 828 Elevat‚
487 779 826 831 immemoresque
848 779 980 819 omnis
1004 778 1095 819 facit
1120 791 1200 819 una
1222 779 1370 831 pericli.

315 849 356 889 ld
380 850 500 889 modo
521 850 766 902 prospiciens
787 851 942 890 animos
963 851 1043 890 dux
1058 851 1205 890 talibus
1231 851 1376 891 ardens

315 921 531 973 Impulerat
551 922 747 971 stiinulis;
773 922 841 962 sed
865 922 972 962 enim
993 921 1149 974 fastigia
1169 922 1313 962 vinctis

314 993 585 1044 Apprendisse
611 993 710 1033 duos
731 993 919 1033 manibus
941 1005 1018 1033 vox
1036 993 1196 1045 publica
1215 998 1253 1033 et
1276 993 1434 1045 ingens.

314 1065 432 1103 Ortus
453 1068 536 1103 erat
555 1064 694 1104 castris
715 1065 845 1104 studio
872 1065 1051 1104 variante
1072 1065 1294 1114 tumultus3

314 1137 429 1176 Hunc
455 1135 528 1185 illi,
553 1141 690 1175 contra
710 1136 824 1175 illum
851 1136 916 1176 alii
942 1136 1103 1176 laudare
1124 1135 1317 1176 faventes.

313 1207 376 1247 Sic
399 1206 468 1246 ubi
493 1207 689 1246 vulnificis
709 1207 918 1247 ferientem
941 1207 1126 1247 dentibus
1152 1220 1292 1259 apium

312 1280 492 1330 Ejectum
513 1279 641 1317 caveis
665 1284 701 1318 et
725 1279 857 1330 opacis
877 1279 1059 1318 sentibus
1081 1291 1190 1318 acres

313 1350 546 1402 Corripuere
567 1362 685 1389 canes
706 1350 903 1399 certatim,
926 1362 1146 1402 omnesque
1172 1363 1240 1402 per
1260 1356 1369 1390 artus

312 1421 545 1472 Explicuere
563 1421 660 1469 solo,
684 1422 873 1473 strepitus
897 1422 1100 1474 consurgit
1125 1422 1173 1461 ab
1193 1421 1270 1461 alto

313 1494 803 1544 Spectantumjuvenum3
827 1494 916 1545 quis
937 1494 1112 1545 primum
1131 1493 1249 1545 figere
1270 1505 1428 1533 morsus

312 1563 504 1603 Clunibus
524 1564 691 1603 hirsutis
713 1577 849 1614 ausus,
871 1565 960 1616 quis
973 1566 1169 1616 prendere
1192 1565 1294 1604 saltu

312 1636 477 1687 Hispida
494 1641 603 1687 terga
628 1634 715 1685 feri,
740 1636 828 1687 quis
855 1637 1029 1688 primum
1052 1636 1210 1676 haurire
1229 1648 1425 1686 cruorem,

313 1709 448 1757 Pugna
472 1719 615 1747 canum
640 1707 682 1746 fit
707 1708 754 1747 de
778 1709 930 1748 meritis
950 1709 1190 1748 venantibus
1215 1720 1314 1757 una3

358 1882 433 1910 334.
460 1879 575 1912 Turres
595 1880 627 1911 in
648 1881 699 1911 ad.
722 1881 813 1918 Bas„
836 1884 921 1912 tutas
939 1881 972 1912 in
994 1882 1146 1912 omuibus
1165 1891 1226 1912 ms.

357 1939 432 1968 335.
453 1936 588 1977 Cingere
609 1937 641 1968 iu
660 1939 710 1968 ed.
734 1938 823 1974 Bas„
845 1937 989 1978 cinqeret
1006 1938 1039 1968 in
1060 1938 1212 1969 omnibus
1239 1948 1298 1969 ms.

356 1995 431 2023 337.
454 1993 635 2025 Mirabilem
656 1994 689 2024 in
710 1995 748 2025 ed
771 1994 861 2032 Bas„
880 1994 1041 2026 muralem
1059 1995 1091 2025 in
1113 1995 1263 2026 omnibus
1284 2004 1345 2025 ms.

356 2050 431 2081 341.
456 2049 551 2083 Victis
568 2050 601 2081 in
620 2051 675 2081 ed.
696 2051 786 2087 Bas„
809 2050 924 2081 vinctis
941 2050 974 2081 in
996 2060 1058 2081 ms.
1080 2052 1117 2089 A,
1142 2051 1179 2088 B,
1197 2052 1229 2090 C,
1258 2052 1294 2088 D,
1316 2052 1353 2081 E.

1513 854 1590 890 340

1512 1567 1533 1603 3
1539 1567 1588 1603 50

356 2108 430 2137 345.
460 2105 635 2147 Vulnificus
649 2106 800 2146 ferientes
821 2107 851 2136 in
871 2108 922 2137 etl.
951 2107 1040 2146 Bas„
1061 2108 1221 2148 vulnificis
1237 2107 1408 2147 ferientem
1428 2107 1459 2138 in
1479 2108 1587 2138 omni-

312 2163 371 2194 bus
393 2172 455 2193 ms.

356 2220 433 2250 347.
453 2219 610 2261 Eripuerc
631 2221 662 2252 in
684 2222 736 2251 ed.
765 2221 852 2256 Bas..
875 2222 1063 2261 corripuere
1092 2221 1125 2252 in
1159 2222 1310 2253 omnibus
1343 2231 1403 2252 ms.
1437 2221 1589 2252 Primitus

312 2276 416 2307 inerat
435 2277 551 2307 lacuna
570 2277 624 2308 ubi
645 2277 801 2316 deinceps
822 2277 980 2308 insertum
999 2280 1047 2308 est
1063 2278 1196 2308 verbum
1217 2279 1367 2309 certatim
1387 2278 1485 2308 rubro
1506 2282 1590 2307 atra-

312 2336 421 2364 mento
441 2336 474 2364 et
502 2342 600 2364 manu
617 2333 758 2365 diversa.
786 2333 820 2364 111
842 2334 989 2374 margine
1011 2337 1061 2365 est
1084 2343 1224 2374 sequens
1252 2334 1384 2374 postilla
1403 2343 1409 2363 :
1430 2334 1587 2365 Ponereni

313 2389 455 2420 lacerant
475 2394 606 2430 propter
623 2399 768 2428 versum,
783 2394 815 2421 et
828 2390 936 2421 forsan
955 2390 1001 2421 nil
1021 2389 1144 2422 deficit.

1355 2452 1398 2486 12
