1865 2959
966 283 1007 289 .-.
1034 262 1080 300 50
1109 282 1151 289 ..

414 343 599 389 secundi
615 345 718 391 belli
735 347 886 391 Punici
903 347 1006 392 finis
1020 347 1207 392 lassatas
1224 352 1401 393 mentes
1424 353 1692 395 recreasset?

412 423 506 474 Quo
525 427 727 483 tempore
744 427 962 485 maJ'orem
978 426 1053 470 illa
1072 426 1235 471 invicta
1253 440 1366 485 gens
1388 441 1436 472 se
1457 428 1688 486 praestitit,

411 502 538 560 cujus
569 517 626 547 110
663 504 708 547 111
735 504 832 548 istis
854 504 1038 562 quidem
1059 504 1279 563 angustiis
1306 505 1425 550 vires
1456 519 1689 564 nunquam

412 580 570 634 cli'ctoe,
587 595 820 641 nunquam
839 583 977 627 animi
997 582 1278 628 defecerant?
1296 584 1400 634 Quae
1417 584 1502 628 alia
1519 585 1686 643 purior,

411 657 634 717 laudeque
675 660 852 720 dignior
893 674 1029 719 quam
1074 660 1267 704 Africani
1313 662 1472 720 prioris
1505 662 1690 721 imago?

411 736 615 795 Undique
638 738 684 782 in
704 739 935 792 Cicerone,
959 753 1155 796 quocum
1178 738 1370 784 lectione
1396 740 1577 784 assidua
1603 740 1688 785 col-

408 813 689 872 loquebatur,
721 816 933 862 eumdem
961 816 1195 861 laudatum
1226 816 1406 862 videbat
1433 818 1684 870 Petrarcha,

407 895 451 936 et
472 893 608 939 modo
631 894 1033 953 perfectissimum,
1062 893 1199 939 modo
1228 894 1431 940 divinum
1458 900 1683 941 vocatum.

405 968 517 1019 Quid
539 971 655 1015 ultra
679 976 803 1017 tanto
827 973 922 1018 viro
946 972 1115 1026 deerat,
1137 973 1223 1017 nisi
1244 977 1294 1018 ut
1311 973 1476 1033 dignus
1499 975 1687 1034 scriptor

403 1046 695 1104 inveniretur,
719 1051 795 1109 qui
824 1064 930 1096 eum
951 1064 1078 1096 more
1097 1050 1310 1097 historico
1332 1055 1410 1096 aut
1429 1052 1553 1111 cpico
1575 1052 1687 1097 cele-

401 1123 551 1170 braret
569 1131 586 1171 :2

468 1207 597 1266 Ergo,
620 1207 657 1251 si
677 1207 820 1252 nostri
841 1210 1063 1262 naturam,
1088 1206 1289 1253 indolem
1306 1208 1534 1266 animique
1551 1208 1684 1254 affec-

400 1289 472 1331 tus
494 1286 759 1344 respexeris,
790 1286 914 1330 haud
940 1289 1059 1331 certe
1079 1286 1313 1331 miraberis
1341 1286 1396 1330 ab
1423 1287 1499 1331 1110
1519 1287 1684 1346 Scipio-

400 1369 530 1417 nem,
565 1367 722 1423 utpote
750 1365 1030 1417 Romanum,
1070 1368 1115 1410 01
1150 1365 1316 1409 virtute
1348 1365 1681 1424 praecellentem

398 1442 562 1495 virum,
583 1456 675 1487 non
710 1442 860 1487 solum
895 1442 952 1486 ad
983 1446 1102 1487 astra
1141 1442 1399 1497 sublatum,
1431 1443 1510 1487 sed
1547 1443 1682 1487 etiam

398 1521 524 1578 quasi
552 1520 753 1565 sodalem
782 1520 997 1566 dilectum
1024 1534 1140 1566 esse.
1178 1522 1313 1579 Atqui
1340 1534 1519 1566 carmen
1547 1536 1679 1566 suum

396 1613 448 1644 co
483 1600 652 1658 majore
683 1598 832 1643 studio
874 1603 1138 1659 persecutus
1182 1603 1276 1654 est,
1318 1599 1439 1658 quod
1474 1613 1563 1644 una
1597 1600 1679 1644 sibi

395 1677 563 1735 patrios
602 1691 752 1722 mores
774 1681 818 1722 et
839 1678 1056 1722 eximium
1098 1677 1342 1735 quemdam
1381 1678 1526 1723 civem
1562 1677 1678 1723 cele-

395 1755 524 1800 brare
551 1756 705 1801 liceret
730 1756 798 1804 (¹¹).

450 1834 593 1893 Scipio
626 1835 749 1880 enim
774 1835 947 1880 vixerat
977 1836 1023 1879 in
1059 1835 1143 1880 hac
1176 1838 1306 1880 aetate
1328 1836 1480 1880 Romae
1499 1870 1510 1888 ,
1536 1848 1676 1892 quum

390 1912 596 1957 nondum
623 1927 836 1958 corruens
860 1915 907 1958 in
929 1916 1057 1973 pejus
1078 1914 1249 1959 labaret
1270 1913 1537 1972 respublica,
1567 1912 1677 1957 fere-

390 2006 476 2049 que
499 1992 715 2037 intactam
744 1994 995 2052 priscorum
1027 1993 1200 2038 dierum
1224 1993 1439 2037 virtutem
1457 1994 1670 2044 servaret,

389 2083 531 2127 quum
557 2074 674 2116 artes
700 2072 878 2116 Graeciae
904 2071 1098 2116 libenter
1124 2071 1328 2129 excipere
1350 2069 1533 2129 quidam
1555 2069 1675 2114 cives

388 2147 649 2206 inciperent,
672 2154 716 2194 et
734 2149 791 2193 ad
814 2150 982 2209 patrios
1009 2163 1159 2194 mores
1191 2150 1325 2193 etiam
1352 2162 1376 2192 a
1404 2148 1566 2192 Grzccis
1597 2147 1669 2191 ad-

388 2227 596 2271 ventitias
617 2226 842 2273 doctrinas
866 2228 1151 2273 adhiberent.
1179 2228 1283 2272 Haec
1309 2226 1393 2271 fuit
1414 2226 1668 2278 amborum,

425 2449 472 2491 (1)
497 2449 541 2482 Dc
570 2451 686 2482 eodem
715 2454 890 2489 statuerat,
920 2451 1037 2483 iisdem
1069 2450 1293 2490 temporibus,
1324 2459 1421 2491 agere
1448 2449 1608 2481 Zanobius
1629 2449 1668 2479 dc

380 2506 518 2538 Strada:
541 2507 670 2549 cognito
692 2511 805 2539 autem
828 2508 957 2548 incepto
978 2508 1174 2545 Petrarchoe,
1192 2507 1327 2538 destitit.
1355 2508 1573 2548 g'l'massoscm,
1595 2505 1669 2538 Sto-

380 2564 430 2595 rin
450 2564 534 2596 della
554 2565 695 2596 lauerat.
719 2566 805 2602 ital„
830 2566 883 2596 lit».
909 2570 974 2602 111.)
