1865 2959
851 236 1057 271 —389-

313 320 442 360 Habet
462 320 604 359 tertius
620 319 908 372 profectionem
924 319 1029 360 Laelii
1051 320 1100 360 ad
1118 319 1343 372 Syphacem
1359 332 1492 372 regom
1513 323 1587 361 Nu-

313 392 461 441 midiae,
484 396 529 430 ut
550 390 765 430 amicitiam
804 391 1013 431 contrahat
1033 402 1125 430 cum
1156 392 1298 431 eodeni
1325 391 1490 432 nomine
1508 392 1589 432 Sci-

313 463 458 514 pionis,
476 467 515 502 et
529 474 599 514 per
613 473 799 514 magnam
815 461 939 502 libelli
953 466 1110 514 partem
1124 462 1291 502 domum
1304 462 1450 514 regiam
1466 463 1586 503 mira·

311 534 381 573 bili
405 533 670 585 descriptione
697 533 916 585 depingens
938 533 1101 572 demum
1128 533 1241 585 ponit
1264 534 1484 575 orationem
1506 536 1587 575 Lae-

311 605 374 656 lii;
402 605 455 645 ibi

451 689 597 735 Optime
615 699 693 734 rex,
712 691 816 724 tanto
836 699 948 735 quem
968 700 1045 724 sors·
1067 689 1243 735 dignatur
1262 690 1394 725 amico.

360 780 409 818 Et
428 779 592 818 demum
614 778 748 818 subdit
768 778 871 830 regis
890 789 1133 829 responsum
1154 778 1208 817 ibi
1234 793 1242 817 :

448 863 541 897 Tum
560 872 624 897 rex
641 861 798 897 blandus
816 862 884 897 ait:
903 862 1089 907 Vestrum,
1113 863 1292 907 Romane,
1312 863 1468 898 libenter

447 921 683 968 Propositum
708 922 923 967 amplector.
932 949 939 957 .
948 949 954 957 .
963 948 987 966 .,

306 1013 349 1052 111
369 1025 446 1065 quo
466 1012 565 1065 petit
592 1024 633 1052 se
660 1012 760 1052 velle
788 1012 923 1052 videre
952 1012 1195 1064 Scipionem.
1225 1012 1285 1052 Ad
1318 1012 1505 1051 ultimum
1539 1012 1581 1051 in

305 1097 430 1133 coena,
454 1089 491 1124 et
511 1083 840 1124 collocutionibus
859 1088 967 1123 totus
986 1084 1252 1133 tertiusliber,
1267 1089 1304 1123 et
1324 1089 1490 1136 quartus
1509 1084 1578 1123 ab-

305 1157 485 1206 solvitur,
503 1161 540 1196 et
561 1155 709 1195 omittit
730 1156 1000 1196 reversionem
1029 1155 1152 1205 Laelii,
1183 1155 1471 1208 profectionem
1495 1156 1576 1195 Sci-

304 1227 435 1279 pionis
454 1227 503 1267 ad
525 1239 674 1279 regem,
696 1227 915 1267 adventum
938 1225 1217 1276 Hasdrubalis,
1239 1225 1374 1278 fugam
1388 1226 1578 1277 consulis,

304 1311 458 1339 coenam
478 1304 515 1338 et
532 1298 727 1350 colloquia
741 1298 861 1350 regis,
885 1303 1132 1338 contractum
1149 1298 1324 1349 foederis,
1348 1304 1582 1350 apparatum

304 1370 472 1411 Romani
511 1371 708 1410 exercitus
740 1369 1050 1420 transfretaturi,
1079 1370 1374 1410 dissensionem
1400 1375 1580 1421 senatus,

303 1442 510 1495 perfidiam
538 1442 657 1494 regis,
695 1442 993 1494 navigationem
1033 1442 1228 1494 Scipionis
1265 1453 1357 1482 cum
1388 1443 1578 1493 exercitu,

303 1514 640 1566 expugnationem
669 1519 890 1554 castrorum
915 1514 1018 1565 regis
1040 1518 1077 1553 et
1098 1513 1357 1554 Hasdrubalis
1385 1515 1476 1567 igne
1499 1514 1579 1554 fac-

302 1590 399 1635 tam,
433 1586 752 1637 persecutionem
789 1586 892 1638 regis
931 1585 1048 1625 Laelio
1087 1586 1334 1635 mandatam,
1371 1591 1411 1626 et
1445 1587 1580 1627 Massi-

301 1657 435 1706 nissae,
463 1663 501 1697 et
525 1659 611 1709 ejus
637 1657 921 1709 captivitatem,
943 1657 1190 1697 deditionem
1213 1658 1374 1705 Cinnae,
1401 1662 1439 1698 et
1461 1659 1578 1710 quid-

300 1728 393 1780 quid
418 1740 489 1768 ooc
506 1729 638 1768 medio
658 1734 837 1780 tempore
849 1734 1007 1780 gestum
1023 1733 1098 1778 est,
1116 1741 1137 1769 a
1153 1729 1386 1781 quibuslioc
1406 1741 1577 1782 sequens

300 1812 415 1852 opus,
450 1805 495 1840 ut
531 1800 665 1840 videre
707 1800 812 1850 licet,
858 1801 1023 1841 omnino
1058 1801 1272 1853 dependet.
1313 1803 1406 1850 Quas
1436 1807 1578 1842 cuncta

299 1883 391 1912 cum
410 1871 598 1920 breviter,
618 1877 655 1911 et
672 1872 822 1924 judicio
848 1884 937 1912 meo
959 1885 1042 1912 non
1067 1873 1321 1925 paucioribus
1344 1886 1463 1926 quam
1483 1874 1578 1914 duo-

299 1943 374 1983 bus
413 1943 557 1983 libellis
583 1943 772 1995 explicari
796 1949 974 1996 possent,
1015 1956 1217 1996 nusquam
1250 1949 1359 1994 sunt,
1386 1945 1456 1985 sed
1487 1951 1576 1985 tan-

299 2028 419 2067 quam
438 2016 572 2055 omnia
591 2016 667 2055 ista
691 2016 919 2067 praedixerit
942 2028 1037 2056 mox
1059 2016 1228 2069 abrupto
1249 2017 1410 2069 penitus
1437 2018 1575 2058 ordine

300 2087 457 2127 dicendi
483 2101 491 2126 ε

439 2171 570 2206 Moenia
589 2171 853 2217 magnanimus
869 2171 988 2206 victor
1002 2171 1228 2218 trepidantia
1248 2172 1444 2208 Cirthae....

298 2255 346 2294 de
365 2255 594 2296 Massinissa
609 2255 878 2308 loquenspost
893 2268 1028 2308 regem
1044 2257 1085 2296 in
1107 2255 1239 2296 Africa
1267 2256 1485 2307 devictum,
1506 2257 1573 2308 qui

296 2326 472 2366 defectus
487 2327 687 2379 quomodo
707 2327 910 2380 irrepserit
932 2340 1001 2380 ego
1024 2329 1173 2368 nescio,
1196 2330 1347 2368 Forsan
1368 2328 1457 2368 illos
1487 2340 1573 2368 cor-

294 2399 537 2438 rectissimos
555 2398 804 2449 Franciscus‚
825 2404 864 2440 et
883 2411 954 2451 per
973 2400 1182 2440 neminem
1206 2400 1430 2452 tangendos
1460 2400 1574 2439 dimi-

293 2470 356 2510 sit.
381 2470 565 2511 Forsitan
585 2470 854 2523 exemplantis
883 2471 1190 2515 erroredimissi
1223 2477 1332 2521 sunt,
1360 2476 1443 2521 aut,
1466 2472 1573 2524 quod
