<?xml version="1.0" encoding="UTF-8"?>
<!DOCTYPE html PUBLIC "-//W3C//DTD XHTML 1.0 Transitional//EN"
    "http://www.w3.org/TR/xhtml1/DTD/xhtml1-transitional.dtd">
<html xmlns="http://www.w3.org/1999/xhtml" xml:lang="en" lang="en">
 <head>
  <title>
</title>
<meta http-equiv="Content-Type" content="text/html;charset=utf-8" />
  <meta name='ocr-system' content='tesseract 3.04.00' />
  <meta name='ocr-capabilities' content='ocr_page ocr_carea ocr_par ocr_line ocrx_word'/>
</head>
<body>
  <div class='ocr_page' id='page_1' title='image "africa1872petr_0328.png"; bbox 0 0 1865 2959; ppageno 0'>
   <div class='ocr_carea' id='block_1_1' title="bbox 928 254 1137 289">
    <p class='ocr_par' dir='ltr' id='par_1_1' title="bbox 928 254 1137 289">
     <span class='ocr_line' id='line_1_1' title="bbox 928 254 1137 289; baseline -0.01 0"><span class='ocrx_word' id='word_1_1' title='bbox 928 272 970 280; x_wconf 89' lang='lat'>-</span> <span class='ocrx_word' id='word_1_2' title='bbox 998 254 1067 289; x_wconf 75' lang='lat'>316</span> <span class='ocrx_word' id='word_1_3' title='bbox 1095 272 1137 281; x_wconf 86' lang='lat'>—-</span> 
     </span>
    </p>
   </div>
   <div class='ocr_carea' id='block_1_2' title="bbox 385 338 1518 1973">
    <p class='ocr_par' dir='ltr' id='par_1_2' title="bbox 385 338 1518 1544">
     <span class='ocr_line' id='line_1_2' title="bbox 391 338 1462 391; baseline -0.002 -11"><span class='ocrx_word' id='word_1_4' title='bbox 391 342 508 380; x_wconf 82' lang='lat' dir='ltr'>Sacra</span> <span class='ocrx_word' id='word_1_5' title='bbox 528 338 619 379; x_wconf 87' lang='lat' dir='ltr'>Deis</span> <span class='ocrx_word' id='word_1_6' title='bbox 633 338 737 391; x_wconf 86' lang='lat' dir='ltr'>jussi</span> <span class='ocrx_word' id='word_1_7' title='bbox 758 342 967 390; x_wconf 79' lang='lat' dir='ltr'>peragunt,</span> <span class='ocrx_word' id='word_1_8' title='bbox 992 349 1257 390; x_wconf 85' lang='lat' dir='ltr'>summusque</span> <span class='ocrx_word' id='word_1_9' title='bbox 1278 339 1462 379; x_wconf 80' lang='lat' dir='ltr'>sacerdos</span> 
     </span>
     <span class='ocr_line' id='line_1_3' title="bbox 391 410 1469 462; baseline -0.001 -10"><span class='ocrx_word' id='word_1_10' title='bbox 391 411 625 452; x_wconf 80' lang='lat' dir='ltr'>Succinctus</span> <span class='ocrx_word' id='word_1_11' title='bbox 649 410 697 450; x_wconf 88' lang='lat' dir='ltr'>de</span> <span class='ocrx_word' id='word_1_12' title='bbox 718 422 829 451; x_wconf 86' lang='lat' dir='ltr'>more</span> <span class='ocrx_word' id='word_1_13' title='bbox 848 412 991 451; x_wconf 73' lang='lat' dir='ltr'>,Iovem</span> <span class='ocrx_word' id='word_1_14' title='bbox 1013 412 1266 462; x_wconf 85' lang='lat' dir='ltr'>Superosque</span> <span class='ocrx_word' id='word_1_15' title='bbox 1289 410 1469 451; x_wconf 78' lang='lat' dir='ltr'>faventes</span> 
     </span>
     <span class='ocr_line' id='line_1_4' title="bbox 390 481 1375 534; baseline -0.003 -11"><span class='ocrx_word' id='word_1_16' title='bbox 390 482 644 534; x_wconf 66' lang='lat' dir='ltr'>junonisque</span> <span class='ocrx_word' id='word_1_17' title='bbox 671 481 839 521; x_wconf 86' lang='lat' dir='ltr'>minacis</span> <span class='ocrx_word' id='word_1_18' title='bbox 863 493 981 534; x_wconf 86' lang='lat' dir='ltr'>opem</span> <span class='ocrx_word' id='word_1_19' title='bbox 1002 481 1248 533; x_wconf 87' lang='lat' dir='ltr'>Latoniaque</span> <span class='ocrx_word' id='word_1_20' title='bbox 1270 485 1375 521; x_wconf 86' lang='lat' dir='ltr'>astra</span> 
     </span>
     <span class='ocr_line' id='line_1_5' title="bbox 391 552 1349 606; baseline -0.003 -11"><span class='ocrx_word' id='word_1_21' title='bbox 391 558 565 604; x_wconf 80' lang='lat' dir='ltr'>Invocat,</span> <span class='ocrx_word' id='word_1_22' title='bbox 592 558 630 594; x_wconf 86' lang='lat' dir='ltr'>et</span> <span class='ocrx_word' id='word_1_23' title='bbox 651 555 817 594; x_wconf 83' lang='lat' dir='ltr'>Martem</span> <span class='ocrx_word' id='word_1_24' title='bbox 842 554 979 606; x_wconf 83' lang='lat' dir='ltr'>pingui</span> <span class='ocrx_word' id='word_1_25' title='bbox 1006 552 1159 593; x_wconf 86' lang='lat' dir='ltr'>mollire</span> <span class='ocrx_word' id='word_1_26' title='bbox 1176 554 1349 605; x_wconf 88' lang='lat' dir='ltr'>juvenco</span> 
     </span>
     <span class='ocr_line' id='line_1_6' title="bbox 392 625 1398 679; baseline -0.003 -12"><span class='ocrx_word' id='word_1_27' title='bbox 392 626 559 668; x_wconf 88' lang='lat' dir='ltr'>Romani</span> <span class='ocrx_word' id='word_1_28' title='bbox 586 631 741 679; x_wconf 84' lang='lat' dir='ltr'>patrem</span> <span class='ocrx_word' id='word_1_29' title='bbox 767 625 924 678; x_wconf 89' lang='lat' dir='ltr'>imperii</span> <span class='ocrx_word' id='word_1_30' title='bbox 945 630 1181 677; x_wconf 85' lang='lat' dir='ltr'>torvamque</span> <span class='ocrx_word' id='word_1_31' title='bbox 1204 636 1398 674; x_wconf 83' lang='lat' dir='ltr'>sororem,</span> 
     </span>
     <span class='ocr_line' id='line_1_7' title="bbox 390 696 1390 751; baseline -0.003 -12"><span class='ocrx_word' id='word_1_32' title='bbox 390 699 631 751; x_wconf 78' lang='lat' dir='ltr'>Ledaeosque</span> <span class='ocrx_word' id='word_1_33' title='bbox 652 702 763 750; x_wconf 83' lang='lat' dir='ltr'>parat</span> <span class='ocrx_word' id='word_1_34' title='bbox 783 696 924 737; x_wconf 83' lang='lat' dir='ltr'>fratres</span> <span class='ocrx_word' id='word_1_35' title='bbox 942 696 1161 748; x_wconf 85' lang='lat' dir='ltr'>Furiasque</span> <span class='ocrx_word' id='word_1_36' title='bbox 1181 696 1390 749; x_wconf 74' lang='lat' dir='ltr'>Chaosque</span> 
     </span>
     <span class='ocr_line' id='line_1_8' title="bbox 390 766 1518 822; baseline -0.002 -12"><span class='ocrx_word' id='word_1_37' title='bbox 390 770 672 822; x_wconf 85' lang='lat' dir='ltr'>Telluremque</span> <span class='ocrx_word' id='word_1_38' title='bbox 694 771 837 818; x_wconf 87' lang='lat' dir='ltr'>Deum,</span> <span class='ocrx_word' id='word_1_39' title='bbox 861 768 938 808; x_wconf 90' lang='lat' dir='ltr'>nisi</span> <span class='ocrx_word' id='word_1_40' title='bbox 960 767 1067 808; x_wconf 80' lang='lat' dir='ltr'>sauia</span> <span class='ocrx_word' id='word_1_41' title='bbox 1092 773 1152 808; x_wconf 85' lang='lat' dir='ltr'>est</span> <span class='ocrx_word' id='word_1_42' title='bbox 1177 766 1289 818; x_wconf 82' lang='lat' dir='ltr'>falsa,</span> <span class='ocrx_word' id='word_1_43' title='bbox 1314 773 1518 820; x_wconf 84' lang='lat' dir='ltr'>parentem</span> 
     </span>
     <span class='ocr_line' id='line_1_9' title="bbox 389 840 1513 895; baseline -0.002 -13"><span class='ocrx_word' id='word_1_44' title='bbox 389 844 438 882; x_wconf 90' lang='lat' dir='ltr'>Et</span> <span class='ocrx_word' id='word_1_45' title='bbox 457 841 665 895; x_wconf 81' lang='lat' dir='ltr'>Nymphas</span> <span class='ocrx_word' id='word_1_46' title='bbox 690 846 836 881; x_wconf 88' lang='lat' dir='ltr'>matres</span> <span class='ocrx_word' id='word_1_47' title='bbox 860 840 1076 880; x_wconf 84' lang='lat' dir='ltr'>fluviorum</span> <span class='ocrx_word' id='word_1_48' title='bbox 1102 852 1146 880; x_wconf 90' lang='lat' dir='ltr'>ac</span> <span class='ocrx_word' id='word_1_49' title='bbox 1170 842 1295 881; x_wconf 84' lang='lat' dir='ltr'>Nerea</span> <span class='ocrx_word' id='word_1_50' title='bbox 1320 852 1513 893; x_wconf 83' lang='lat' dir='ltr'>magnum</span> 
     </span>
     <span class='ocr_line' id='line_1_10' title="bbox 389 912 1335 967; baseline -0.002 -13"><span class='ocrx_word' id='word_1_51' title='bbox 389 913 671 967; x_wconf 75' lang='lat' dir='ltr'><strong>Nympharum</strong></span> <span class='ocrx_word' id='word_1_52' title='bbox 691 917 870 965; x_wconf 85' lang='lat' dir='ltr'>patrem:</span> <span class='ocrx_word' id='word_1_53' title='bbox 896 912 951 951; x_wconf 81' lang='lat' dir='ltr'>sic</span> <span class='ocrx_word' id='word_1_54' title='bbox 972 912 1180 964; x_wconf 75' lang='lat' dir='ltr'>religiosus</span> <span class='ocrx_word' id='word_1_55' title='bbox 1202 912 1335 964; x_wconf 88' lang='lat' dir='ltr'>opima</span> 
     </span>
     <span class='ocr_line' id='line_1_11' title="bbox 389 980 1361 1037; baseline -0.002 -12"><span class='ocrx_word' id='word_1_56' title='bbox 389 985 578 1026; x_wconf 75' lang='lat' dir='ltr'>Certatim</span> <span class='ocrx_word' id='word_1_57' title='bbox 602 983 748 1037; x_wconf 87' lang='lat' dir='ltr'>tepidis</span> <span class='ocrx_word' id='word_1_58' title='bbox 770 983 960 1024; x_wconf 86' lang='lat' dir='ltr'>altaribus</span> <span class='ocrx_word' id='word_1_59' title='bbox 981 988 1164 1036; x_wconf 77' lang='lat' dir='ltr'>aggregat</span> <span class='ocrx_word' id='word_1_60' title='bbox 1186 990 1290 1023; x_wconf 81' lang='lat' dir='ltr'>exta.</span> <span class='ocrx_word' id='word_1_61' title='bbox 1359 980 1361 982; x_wconf 70' lang='grc'><strong>’</strong></span> 
     </span>
     <span class='ocr_line' id='line_1_12' title="bbox 392 1056 1500 1111; baseline -0.001 -13"><span class='ocrx_word' id='word_1_62' title='bbox 392 1061 607 1111; x_wconf 83' lang='lat' dir='ltr'>Postquam</span> <span class='ocrx_word' id='word_1_63' title='bbox 627 1057 701 1097; x_wconf 87' lang='lat' dir='ltr'>rite</span> <span class='ocrx_word' id='word_1_64' title='bbox 719 1056 851 1097; x_wconf 84' lang='lat' dir='ltr'>minas</span> <span class='ocrx_word' id='word_1_65' title='bbox 876 1056 1010 1096; x_wconf 88' lang='lat' dir='ltr'>visum</span> <span class='ocrx_word' id='word_1_66' title='bbox 1033 1062 1090 1096; x_wconf 89' lang='lat' dir='ltr'>est</span> <span class='ocrx_word' id='word_1_67' title='bbox 1113 1057 1290 1109; x_wconf 74' lang='lat' dir='ltr'>placasse</span> <span class='ocrx_word' id='word_1_68' title='bbox 1312 1059 1500 1107; x_wconf 87' lang='lat' dir='ltr'>Deorum,</span> 
     </span>
     <span class='ocr_line' id='line_1_13' title="bbox 389 1129 1487 1171; baseline -0.001 -1"><span class='ocrx_word' id='word_1_69' title='bbox 389 1130 537 1171; x_wconf 82' lang='lat' dir='ltr'>Consul</span> <span class='ocrx_word' id='word_1_70' title='bbox 562 1130 610 1170; x_wconf 87' lang='lat' dir='ltr'>ab</span> <span class='ocrx_word' id='word_1_71' title='bbox 632 1129 730 1170; x_wconf 87' lang='lat' dir='ltr'>urbe</span> <span class='ocrx_word' id='word_1_72' title='bbox 750 1141 881 1170; x_wconf 86' lang='lat' dir='ltr'>novus</span> <span class='ocrx_word' id='word_1_73' title='bbox 899 1129 1115 1169; x_wconf 77' lang='lat' dir='ltr'>discedens</span> <span class='ocrx_word' id='word_1_74' title='bbox 1136 1129 1325 1169; x_wconf 85' lang='lat' dir='ltr'>Claudius</span> <span class='ocrx_word' id='word_1_75' title='bbox 1346 1129 1487 1170; x_wconf 83' lang='lat' dir='ltr'>Afrum</span> 
     </span>
     <span class='ocr_line' id='line_1_14' title="bbox 390 1201 1404 1254; baseline -0.002 -11"><span class='ocrx_word' id='word_1_76' title='bbox 390 1203 518 1243; x_wconf 87' lang='lat' dir='ltr'>Littus</span> <span class='ocrx_word' id='word_1_77' title='bbox 539 1202 648 1242; x_wconf 87' lang='lat' dir='ltr'>adire</span> <span class='ocrx_word' id='word_1_78' title='bbox 669 1206 796 1254; x_wconf 85' lang='lat' dir='ltr'>parat.</span> <span class='ocrx_word' id='word_1_79' title='bbox 822 1201 1015 1241; x_wconf 86' lang='lat' dir='ltr'>Miserum</span> <span class='ocrx_word' id='word_1_80' title='bbox 1039 1201 1251 1254; x_wconf 82' lang='lat' dir='ltr'>torquebat</span> <span class='ocrx_word' id='word_1_81' title='bbox 1271 1201 1404 1241; x_wconf 89' lang='lat' dir='ltr'>inanis</span> 
     </span>
     <span class='ocr_line' id='line_1_15' title="bbox 387 1272 1425 1326; baseline -0.001 -12"><span class='ocrx_word' id='word_1_82' title='bbox 387 1274 580 1325; x_wconf 82' lang='lat' dir='ltr'>Ambitio,</span> <span class='ocrx_word' id='word_1_83' title='bbox 601 1273 763 1314; x_wconf 80' lang='lat' dir='ltr'>laudem</span> <span class='ocrx_word' id='word_1_84' title='bbox 788 1272 861 1313; x_wconf 85' lang='lat' dir='ltr'>hac</span> <span class='ocrx_word' id='word_1_85' title='bbox 882 1278 1043 1313; x_wconf 84' lang='lat' dir='ltr'>tantum</span> <span class='ocrx_word' id='word_1_86' title='bbox 1065 1273 1239 1326; x_wconf 87' lang='lat' dir='ltr'>reperire</span> <span class='ocrx_word' id='word_1_87' title='bbox 1259 1273 1425 1325; x_wconf 84' lang='lat' dir='ltr'>putabat</span> 
     </span>
     <span class='ocr_line' id='line_1_16' title="bbox 388 1345 1340 1398; baseline -0.002 -12"><span class='ocrx_word' id='word_1_88' title='bbox 388 1348 507 1387; x_wconf 83' lang='lat' dir='ltr'>Posse</span> <span class='ocrx_word' id='word_1_89' title='bbox 527 1346 590 1386; x_wconf 84' lang='lat' dir='ltr'>via</span> <span class='ocrx_word' id='word_1_90' title='bbox 615 1351 810 1386; x_wconf 69' lang='lat' dir='ltr'>[eternam</span> <span class='ocrx_word' id='word_1_91' title='bbox 829 1346 876 1395; x_wconf 87' lang='lat' dir='ltr'>si,</span> <span class='ocrx_word' id='word_1_92' title='bbox 900 1345 1161 1398; x_wconf 78' lang='lat' dir='ltr'>permittente</span> <span class='ocrx_word' id='word_1_93' title='bbox 1183 1350 1340 1395; x_wconf 85' lang='lat' dir='ltr'>senatu,</span> 
     </span>
     <span class='ocr_line' id='line_1_17' title="bbox 385 1418 1402 1472; baseline -0.002 -13"><span class='ocrx_word' id='word_1_94' title='bbox 385 1419 568 1472; x_wconf 86' lang='lat' dir='ltr'>Scipiade</span> <span class='ocrx_word' id='word_1_95' title='bbox 587 1431 731 1471; x_wconf 76' lang='lat' dir='ltr'>magno</span> <span class='ocrx_word' id='word_1_96' title='bbox 751 1423 955 1471; x_wconf 72' lang='lat' dir='ltr'>{equatum</span> <span class='ocrx_word' id='word_1_97' title='bbox 975 1418 1165 1470; x_wconf 80' lang='lat' dir='ltr'>gessisset</span> <span class='ocrx_word' id='word_1_98' title='bbox 1189 1418 1402 1467; x_wconf 83' lang='lat' dir='ltr'>honorem,</span> 
     </span>
     <span class='ocr_line' id='line_1_18' title="bbox 386 1490 1347 1544; baseline -0.001 -13"><span class='ocrx_word' id='word_1_99' title='bbox 386 1494 509 1544; x_wconf 83' lang='lat' dir='ltr'>Inque</span> <span class='ocrx_word' id='word_1_100' title='bbox 536 1491 645 1543; x_wconf 79' lang='lat' dir='ltr'>gravi</span> <span class='ocrx_word' id='word_1_101' title='bbox 667 1491 771 1531; x_wconf 81' lang='lat' dir='ltr'>bello</span> <span class='ocrx_word' id='word_1_102' title='bbox 792 1495 925 1543; x_wconf 81' lang='lat' dir='ltr'>partes</span> <span class='ocrx_word' id='word_1_103' title='bbox 946 1490 1146 1530; x_wconf 84' lang='lat' dir='ltr'>tenuisset</span> <span class='ocrx_word' id='word_1_104' title='bbox 1168 1490 1347 1530; x_wconf 86' lang='lat' dir='ltr'>easdem.</span> 
     </span>
    </p>

    <p class='ocr_par' dir='ltr' id='par_1_3' title="bbox 389 1562 1472 1973">
     <span class='ocr_line' id='line_1_19' title="bbox 389 1562 1356 1616; baseline -0.002 -13"><span class='ocrx_word' id='word_1_105' title='bbox 389 1565 424 1603; x_wconf 88' lang='lat' dir='ltr'>Is</span> <span class='ocrx_word' id='word_1_106' title='bbox 444 1563 590 1616; x_wconf 89' lang='lat' dir='ltr'>populo</span> <span class='ocrx_word' id='word_1_107' title='bbox 614 1575 777 1615; x_wconf 86' lang='lat' dir='ltr'>prorsus</span> <span class='ocrx_word' id='word_1_108' title='bbox 798 1562 886 1602; x_wconf 89' lang='lat' dir='ltr'>licet</span> <span class='ocrx_word' id='word_1_109' title='bbox 908 1562 1148 1602; x_wconf 78' lang='lat' dir='ltr'>adversante</span> <span class='ocrx_word' id='word_1_110' title='bbox 1172 1567 1356 1603; x_wconf 81' lang='lat' dir='ltr'>senatum</span> 
     </span>
     <span class='ocr_line' id='line_1_20' title="bbox 389 1633 1436 1687; baseline -0.002 -12"><span class='ocrx_word' id='word_1_111' title='bbox 389 1634 573 1675; x_wconf 81' lang='lat' dir='ltr'>Flexerat</span> <span class='ocrx_word' id='word_1_112' title='bbox 594 1635 765 1674; x_wconf 80' lang='lat' dir='ltr'>assiduis</span> <span class='ocrx_word' id='word_1_113' title='bbox 785 1635 969 1687; x_wconf 85' lang='lat' dir='ltr'>precibus</span> <span class='ocrx_word' id='word_1_114' title='bbox 993 1649 1000 1673; x_wconf 88' lang='lat'><strong>:</strong></span> <span class='ocrx_word' id='word_1_115' title='bbox 1023 1639 1119 1687; x_wconf 86' lang='lat' dir='ltr'>quot</span> <span class='ocrx_word' id='word_1_116' title='bbox 1141 1646 1244 1687; x_wconf 75' lang='lat' dir='ltr'>saepe</span> <span class='ocrx_word' id='word_1_117' title='bbox 1266 1633 1436 1686; x_wconf 76' lang='lat' dir='ltr'>repulsis</span> 
     </span>
     <span class='ocr_line' id='line_1_21' title="bbox 391 1705 1442 1759; baseline -0.003 -12"><span class='ocrx_word' id='word_1_118' title='bbox 391 1706 579 1747; x_wconf 85' lang='lat' dir='ltr'>Ambitus</span> <span class='ocrx_word' id='word_1_119' title='bbox 600 1705 785 1756; x_wconf 81' lang='lat' dir='ltr'>afficitur,</span> <span class='ocrx_word' id='word_1_120' title='bbox 815 1711 1046 1759; x_wconf 84' lang='lat' dir='ltr'>quantoque</span> <span class='ocrx_word' id='word_1_121' title='bbox 1069 1706 1203 1746; x_wconf 90' lang='lat' dir='ltr'>labore</span> <span class='ocrx_word' id='word_1_122' title='bbox 1226 1705 1442 1758; x_wconf 84' lang='lat' dir='ltr'>pudendus</span> 
     </span>
     <span class='ocr_line' id='line_1_22' title="bbox 391 1777 1472 1830; baseline -0.003 -11"><span class='ocrx_word' id='word_1_123' title='bbox 391 1780 555 1819; x_wconf 83' lang='lat' dir='ltr'>Constat</span> <span class='ocrx_word' id='word_1_124' title='bbox 575 1777 724 1818; x_wconf 78' lang='lat' dir='ltr'>honos!</span> <span class='ocrx_word' id='word_1_125' title='bbox 746 1778 883 1818; x_wconf 80' lang='lat' dir='ltr'>Victor</span> <span class='ocrx_word' id='word_1_126' title='bbox 899 1777 1137 1830; x_wconf 79' lang='lat' dir='ltr'>properabat</span> <span class='ocrx_word' id='word_1_127' title='bbox 1156 1777 1285 1830; x_wconf 88' lang='lat' dir='ltr'>plebis</span> <span class='ocrx_word' id='word_1_128' title='bbox 1309 1782 1347 1817; x_wconf 88' lang='lat' dir='ltr'>et</span> <span class='ocrx_word' id='word_1_129' title='bbox 1370 1777 1472 1830; x_wconf 78' lang='lat' dir='ltr'>aequi</span> 
     </span>
     <span class='ocr_line' id='line_1_23' title="bbox 392 1849 1318 1903; baseline 0 -13"><span class='ocrx_word' id='word_1_130' title='bbox 392 1850 630 1903; x_wconf 79' lang='lat' dir='ltr'>participem</span> <span class='ocrx_word' id='word_1_131' title='bbox 651 1862 692 1890; x_wconf 93' lang='lat' dir='ltr'>se</span> <span class='ocrx_word' id='word_1_132' title='bbox 713 1849 815 1890; x_wconf 83' lang='lat' dir='ltr'>ferre</span> <span class='ocrx_word' id='word_1_133' title='bbox 835 1850 922 1890; x_wconf 89' lang='lat' dir='ltr'>duci</span> <span class='ocrx_word' id='word_1_134' title='bbox 944 1864 951 1889; x_wconf 91' lang='lat'>:</span> <span class='ocrx_word' id='word_1_135' title='bbox 974 1856 1118 1890; x_wconf 82' lang='lat' dir='ltr'>natura</span> <span class='ocrx_word' id='word_1_136' title='bbox 1142 1849 1318 1903; x_wconf 81' lang='lat' dir='ltr'>profecto</span> 
     </span>
     <span class='ocr_line' id='line_1_24' title="bbox 392 1919 1415 1973; baseline 0 -14"><span class='ocrx_word' id='word_1_137' title='bbox 392 1919 561 1960; x_wconf 83' lang='lat' dir='ltr'>Erubuit</span> <span class='ocrx_word' id='word_1_138' title='bbox 581 1920 802 1973; x_wconf 84' lang='lat' dir='ltr'>clausitque</span> <span class='ocrx_word' id='word_1_139' title='bbox 823 1920 922 1971; x_wconf 87' lang='lat' dir='ltr'>vias,</span> <span class='ocrx_word' id='word_1_140' title='bbox 944 1920 1223 1973; x_wconf 85' lang='lat' dir='ltr'>elementaque</span> <span class='ocrx_word' id='word_1_141' title='bbox 1245 1924 1415 1973; x_wconf 85' lang='lat' dir='ltr'>pontum</span> 
     </span>
    </p>
   </div>
   <div class='ocr_carea' id='block_1_3' title="bbox 440 2090 1254 2131">
    <p class='ocr_par' dir='ltr' id='par_1_4' title="bbox 440 2090 1254 2131">
     <span class='ocr_line' id='line_1_25' title="bbox 440 2090 1254 2131; baseline 0.001 -11"><span class='ocrx_word' id='word_1_142' title='bbox 440 2092 513 2121; x_wconf 65' lang='lat' dir='ltr'>t72.</span> <span class='ocrx_word' id='word_1_143' title='bbox 532 2090 628 2123; x_wconf 82' lang='lat' dir='ltr'>Jussu</span> <span class='ocrx_word' id='word_1_144' title='bbox 643 2091 674 2121; x_wconf 86' lang='lat' dir='ltr'>in</span> <span class='ocrx_word' id='word_1_145' title='bbox 689 2091 744 2122; x_wconf 85' lang='lat' dir='ltr'>ed.</span> <span class='ocrx_word' id='word_1_146' title='bbox 761 2091 947 2131; x_wconf 74' lang='lat' dir='ltr'>Bas.,jztssi</span> <span class='ocrx_word' id='word_1_147' title='bbox 968 2091 1000 2122; x_wconf 90' lang='lat' dir='ltr'>in</span> <span class='ocrx_word' id='word_1_148' title='bbox 1022 2091 1174 2123; x_wconf 88' lang='lat' dir='ltr'>omnibus</span> <span class='ocrx_word' id='word_1_149' title='bbox 1192 2099 1254 2121; x_wconf 86' lang='lat' dir='ltr'>ms.</span> 
     </span>
    </p>
   </div>
   <div class='ocr_carea' id='block_1_4' title="bbox 1595 556 1673 593">
    <p class='ocr_par' dir='ltr' id='par_1_5' title="bbox 1595 556 1673 593">
     <span class='ocr_line' id='line_1_26' title="bbox 1595 556 1673 593; baseline 0 0"><span class='ocrx_word' id='word_1_150' title='bbox 1595 556 1673 593; x_wconf 76' lang='lat'>475</span> 
     </span>
    </p>
   </div>
   <div class='ocr_carea' id='block_1_5' title="bbox 440 2147 1676 2188">
    <p class='ocr_par' dir='ltr' id='par_1_6' title="bbox 440 2147 1676 2188">
     <span class='ocr_line' id='line_1_27' title="bbox 440 2147 1676 2188; baseline -0.002 -10"><span class='ocrx_word' id='word_1_151' title='bbox 440 2149 515 2179; x_wconf 60' lang='lat'><strong>476.</strong></span> <span class='ocrx_word' id='word_1_152' title='bbox 529 2148 679 2186; x_wconf 81' lang='lat' dir='ltr'>Romam,</span> <span class='ocrx_word' id='word_1_153' title='bbox 694 2157 841 2180; x_wconf 81' lang='lat' dir='ltr'>sororum</span> <span class='ocrx_word' id='word_1_154' title='bbox 854 2149 884 2179; x_wconf 85' lang='lat' dir='ltr'>in</span> <span class='ocrx_word' id='word_1_155' title='bbox 900 2149 952 2181; x_wconf 82' lang='lat' dir='ltr'>ed.</span> <span class='ocrx_word' id='word_1_156' title='bbox 965 2149 1054 2188; x_wconf 77' lang='lat' dir='ltr'>Bas,</span> <span class='ocrx_word' id='word_1_157' title='bbox 1067 2147 1219 2185; x_wconf 80' lang='lat' dir='ltr'>Romani,</span> <span class='ocrx_word' id='word_1_158' title='bbox 1234 2156 1379 2180; x_wconf 81' lang='lat' dir='ltr'>sororem</span> <span class='ocrx_word' id='word_1_159' title='bbox 1395 2147 1426 2178; x_wconf 86' lang='lat' dir='ltr'>in</span> <span class='ocrx_word' id='word_1_160' title='bbox 1442 2147 1595 2178; x_wconf 85' lang='lat' dir='ltr'>omnihus</span> <span class='ocrx_word' id='word_1_161' title='bbox 1615 2155 1676 2176; x_wconf 83' lang='lat' dir='ltr'>ms.</span> 
     </span>
    </p>
   </div>
   <div class='ocr_carea' id='block_1_6' title="bbox 441 2204 1499 2591">
    <p class='ocr_par' dir='ltr' id='par_1_7' title="bbox 441 2204 1499 2301">
     <span class='ocr_line' id='line_1_28' title="bbox 441 2204 1499 2246; baseline 0 -11"><span class='ocrx_word' id='word_1_162' title='bbox 441 2206 517 2236; x_wconf 67' lang='lat'><strong>478.</strong></span> <span class='ocrx_word' id='word_1_163' title='bbox 535 2205 630 2237; x_wconf 80' lang='lat' dir='ltr'>Falsa</span> <span class='ocrx_word' id='word_1_164' title='bbox 650 2208 696 2237; x_wconf 85' lang='lat' dir='ltr'>est</span> <span class='ocrx_word' id='word_1_165' title='bbox 716 2205 805 2246; x_wconf 78' lang='lat' dir='ltr'>fama</span> <span class='ocrx_word' id='word_1_166' title='bbox 823 2206 854 2237; x_wconf 89' lang='lat' dir='ltr'>in</span> <span class='ocrx_word' id='word_1_167' title='bbox 872 2207 925 2238; x_wconf 87' lang='lat' dir='ltr'>ed.</span> <span class='ocrx_word' id='word_1_168' title='bbox 949 2207 1038 2244; x_wconf 64' lang='lat' dir='ltr'>Bas„</span> <span class='ocrx_word' id='word_1_169' title='bbox 1059 2205 1148 2246; x_wconf 80' lang='lat' dir='ltr'>sarna</span> <span class='ocrx_word' id='word_1_170' title='bbox 1165 2208 1210 2237; x_wconf 86' lang='lat' dir='ltr'>est</span> <span class='ocrx_word' id='word_1_171' title='bbox 1225 2204 1306 2244; x_wconf 78' lang='lat' dir='ltr'>salsa</span> <span class='ocrx_word' id='word_1_172' title='bbox 1330 2205 1360 2235; x_wconf 90' lang='lat' dir='ltr'>in</span> <span class='ocrx_word' id='word_1_173' title='bbox 1380 2214 1442 2239; x_wconf 37' lang='lat' dir='ltr'>ms.</span> <span class='ocrx_word' id='word_1_174' title='bbox 1462 2205 1499 2235; x_wconf 82' lang='grc' dir='ltr'>Α.</span> 
     </span>
     <span class='ocr_line' id='line_1_29' title="bbox 445 2261 1350 2301; baseline 0 -8"><span class='ocrx_word' id='word_1_175' title='bbox 445 2264 520 2293; x_wconf 57' lang='grc'>481.</span> <span class='ocrx_word' id='word_1_176' title='bbox 540 2262 621 2294; x_wconf 85' lang='lat' dir='ltr'>Esca</span> <span class='ocrx_word' id='word_1_177' title='bbox 637 2262 670 2293; x_wconf 87' lang='lat' dir='ltr'>in</span> <span class='ocrx_word' id='word_1_178' title='bbox 689 2263 741 2293; x_wconf 89' lang='lat' dir='ltr'>ed.</span> <span class='ocrx_word' id='word_1_179' title='bbox 762 2263 850 2301; x_wconf 66' lang='lat' dir='ltr'>Bas„</span> <span class='ocrx_word' id='word_1_180' title='bbox 867 2267 942 2295; x_wconf 70' lang='lat' dir='ltr'>exta</span> <span class='ocrx_word' id='word_1_181' title='bbox 964 2263 995 2294; x_wconf 88' lang='lat' dir='ltr'>iu</span> <span class='ocrx_word' id='word_1_182' title='bbox 1014 2272 1075 2294; x_wconf 89' lang='lat' dir='ltr'>ms.</span> <span class='ocrx_word' id='word_1_183' title='bbox 1099 2264 1120 2292; x_wconf 85' lang='grc' dir='ltr'>Α</span> <span class='ocrx_word' id='word_1_184' title='bbox 1146 2262 1182 2299; x_wconf 83' lang='grc' dir='ltr'>Β,</span> <span class='ocrx_word' id='word_1_185' title='bbox 1204 2261 1238 2299; x_wconf 91' lang='lat' dir='ltr'>C,</span> <span class='ocrx_word' id='word_1_186' title='bbox 1262 2262 1299 2299; x_wconf 86' lang='grc' dir='ltr'>Ι),</span> <span class='ocrx_word' id='word_1_187' title='bbox 1317 2262 1350 2293; x_wconf 75' lang='lat' dir='ltr'>F.</span> 
     </span>
    </p>

    <p class='ocr_par' dir='ltr' id='par_1_8' title="bbox 442 2319 1324 2358">
     <span class='ocr_line' id='line_1_30' title="bbox 442 2319 1324 2358; baseline -0.001 -8"><span class='ocrx_word' id='word_1_188' title='bbox 442 2322 519 2352; x_wconf 70' lang='lat'><strong>482.</strong></span> <span class='ocrx_word' id='word_1_189' title='bbox 535 2319 665 2352; x_wconf 80' lang='lat' dir='ltr'>Jussum</span> <span class='ocrx_word' id='word_1_190' title='bbox 683 2319 716 2351; x_wconf 88' lang='lat' dir='ltr'>in</span> <span class='ocrx_word' id='word_1_191' title='bbox 732 2321 784 2352; x_wconf 78' lang='lat' dir='ltr'>etl.</span> <span class='ocrx_word' id='word_1_192' title='bbox 801 2321 889 2358; x_wconf 63' lang='lat' dir='ltr'>Bas„</span> <span class='ocrx_word' id='word_1_193' title='bbox 914 2322 1017 2353; x_wconf 80' lang='lat' dir='ltr'>visum</span> <span class='ocrx_word' id='word_1_194' title='bbox 1038 2321 1071 2352; x_wconf 87' lang='lat' dir='ltr'>in</span> <span class='ocrx_word' id='word_1_195' title='bbox 1090 2319 1242 2351; x_wconf 82' lang='lat' dir='ltr'>omnibus</span> <span class='ocrx_word' id='word_1_196' title='bbox 1264 2328 1324 2350; x_wconf 88' lang='lat' dir='ltr'>ms.</span> 
     </span>
    </p>

    <p class='ocr_par' dir='ltr' id='par_1_9' title="bbox 442 2376 1206 2416">
     <span class='ocr_line' id='line_1_31' title="bbox 442 2376 1206 2416; baseline -0.001 -8"><span class='ocrx_word' id='word_1_197' title='bbox 442 2379 517 2408; x_wconf 66' lang='lat'><strong>485.</strong></span> <span class='ocrx_word' id='word_1_198' title='bbox 541 2376 633 2409; x_wconf 81' lang='lat' dir='ltr'>Acin</span> <span class='ocrx_word' id='word_1_199' title='bbox 654 2378 707 2408; x_wconf 85' lang='lat' dir='ltr'>ed.</span> <span class='ocrx_word' id='word_1_200' title='bbox 729 2378 818 2416; x_wconf 86' lang='lat' dir='ltr'>Bas.‚</span> <span class='ocrx_word' id='word_1_201' title='bbox 839 2378 900 2409; x_wconf 77' lang='lat' dir='ltr'>hac</span> <span class='ocrx_word' id='word_1_202' title='bbox 918 2378 950 2409; x_wconf 84' lang='lat' dir='ltr'>in</span> <span class='ocrx_word' id='word_1_203' title='bbox 973 2378 1125 2409; x_wconf 87' lang='lat' dir='ltr'>omnibus</span> <span class='ocrx_word' id='word_1_204' title='bbox 1148 2387 1206 2407; x_wconf 77' lang='lat' dir='ltr'>nis.</span> 
     </span>
    </p>

    <p class='ocr_par' dir='ltr' id='par_1_10' title="bbox 442 2435 1245 2473">
     <span class='ocr_line' id='line_1_32' title="bbox 442 2435 1245 2473; baseline 0 -8"><span class='ocrx_word' id='word_1_205' title='bbox 442 2436 518 2466; x_wconf 66' lang='lat'><strong>486.</strong></span> <span class='ocrx_word' id='word_1_206' title='bbox 547 2435 635 2468; x_wconf 83' lang='lat' dir='ltr'>Viam</span> <span class='ocrx_word' id='word_1_207' title='bbox 656 2435 689 2466; x_wconf 89' lang='lat' dir='ltr'>in</span> <span class='ocrx_word' id='word_1_208' title='bbox 709 2436 761 2467; x_wconf 85' lang='lat' dir='ltr'>ed.</span> <span class='ocrx_word' id='word_1_209' title='bbox 781 2436 870 2473; x_wconf 64' lang='lat' dir='ltr'>Bas„</span> <span class='ocrx_word' id='word_1_210' title='bbox 886 2435 937 2467; x_wconf 88' lang='lat' dir='ltr'>via</span> <span class='ocrx_word' id='word_1_211' title='bbox 959 2435 990 2466; x_wconf 86' lang='lat' dir='ltr'>in</span> <span class='ocrx_word' id='word_1_212' title='bbox 1012 2435 1165 2467; x_wconf 85' lang='lat' dir='ltr'>omnibus</span> <span class='ocrx_word' id='word_1_213' title='bbox 1182 2444 1245 2466; x_wconf 89' lang='lat' dir='ltr'>ms.</span> 
     </span>
    </p>

    <p class='ocr_par' dir='ltr' id='par_1_11' title="bbox 441 2491 1457 2591">
     <span class='ocr_line' id='line_1_33' title="bbox 441 2491 1457 2534; baseline -0.001 -11"><span class='ocrx_word' id='word_1_214' title='bbox 441 2493 517 2523; x_wconf 69' lang='lat'><strong>487.</strong></span> <span class='ocrx_word' id='word_1_215' title='bbox 539 2491 648 2532; x_wconf 80' lang='lat' dir='ltr'>AEqua</span> <span class='ocrx_word' id='word_1_216' title='bbox 663 2495 732 2523; x_wconf 83' lang='lat' dir='ltr'>tum</span> <span class='ocrx_word' id='word_1_217' title='bbox 751 2492 782 2523; x_wconf 88' lang='lat' dir='ltr'>in</span> <span class='ocrx_word' id='word_1_218' title='bbox 803 2493 858 2524; x_wconf 89' lang='lat' dir='ltr'>ed.</span> <span class='ocrx_word' id='word_1_219' title='bbox 878 2493 968 2531; x_wconf 64' lang='lat' dir='ltr'>Bas,</span> <span class='ocrx_word' id='word_1_220' title='bbox 986 2495 1149 2534; x_wconf 79' lang='lat' dir='ltr'>aequalum</span> <span class='ocrx_word' id='word_1_221' title='bbox 1170 2492 1202 2524; x_wconf 87' lang='lat' dir='ltr'>iu</span> <span class='ocrx_word' id='word_1_222' title='bbox 1223 2491 1375 2523; x_wconf 84' lang='lat' dir='ltr'>omuibus</span> <span class='ocrx_word' id='word_1_223' title='bbox 1397 2500 1457 2522; x_wconf 81' lang='lat' dir='ltr'>uis.</span> 
     </span>
     <span class='ocr_line' id='line_1_34' title="bbox 442 2547 1255 2591; baseline -0.001 -10"><span class='ocrx_word' id='word_1_224' title='bbox 442 2551 518 2581; x_wconf 64' lang='lat'><strong>490.</strong></span> <span class='ocrx_word' id='word_1_225' title='bbox 540 2547 630 2590; x_wconf 79' lang='lat' dir='ltr'>Quod</span> <span class='ocrx_word' id='word_1_226' title='bbox 649 2549 680 2580; x_wconf 83' lang='lat' dir='ltr'>in</span> <span class='ocrx_word' id='word_1_227' title='bbox 701 2551 751 2581; x_wconf 80' lang='lat' dir='ltr'>ed.</span> <span class='ocrx_word' id='word_1_228' title='bbox 779 2550 866 2589; x_wconf 60' lang='lat' dir='ltr'>Bas„</span> <span class='ocrx_word' id='word_1_229' title='bbox 886 2553 962 2591; x_wconf 83' lang='lat' dir='ltr'>quo!</span> <span class='ocrx_word' id='word_1_230' title='bbox 979 2550 1008 2580; x_wconf 86' lang='lat' dir='ltr'>in</span> <span class='ocrx_word' id='word_1_231' title='bbox 1024 2550 1175 2581; x_wconf 79' lang='lat' dir='ltr'>omnihus</span> <span class='ocrx_word' id='word_1_232' title='bbox 1193 2559 1255 2580; x_wconf 88' lang='lat' dir='ltr'>ms.</span> 
     </span>
    </p>
   </div>
  </div>
 </body>
</html>
