1865 2959
866 275 909 281 —-
936 255 1006 290 33ss
1035 273 1078 280 —

331 339 504 380 Historia
523 343 562 380 et
581 338 713 380 Clusio
732 338 950 379 redeuntes
974 337 1118 379 robore
1136 350 1264 391 reges,

326 412 541 464 Castraque
563 413 791 460 Porsennae,
810 415 933 463 utque
950 410 1192 451 incumbens
1210 410 1386 451 Scaevola
1406 411 1584 451 flammis

329 483 534 536 Supplicia
553 483 701 523 erranti
720 482 874 536 infligat
894 495 977 523 non
998 481 1132 522 debita
1153 482 1315 522 dextrze.

330 555 425 595 Indo
445 555 642 608 Lycaonia
662 555 820 607 gemino
840 554 974 595 brevis
993 553 1125 594 insula
1144 560 1265 606 ponte
1533 558 1612 596 945

330 626 468 666 Pervia
490 627 698 676 transitur,
726 631 880 680 poterat
899 626 965 666 vix
983 625 1064 666 ulla
1086 625 1222 666 relatis

329 699 425 738 Esse
446 698 544 739 fides
564 699 771 749 monstris,
793 703 1004 751 tantasque
1024 698 1066 737 in
1087 697 1256 738 fulmine
1280 698 1407 738 moles

329 770 450 822 Regia
467 771 600 823 praeda
618 770 714 811 olim
732 769 879 823 populo
905 774 1115 822 spargente
1131 769 1320 810 dedisset.

326 843 418 881 Jam
434 843 636 894 Campana
655 842 802 882 iterum
820 841 930 882 laevae
949 840 1122 881 confinia
1143 841 1238 893 ripae

328 913 555 964 calcabant,
572 913 796 966 Fabiasque
816 914 975 962 domos,
993 913 1303 965 miserandaque
1321 913 1421 953 tanti
1533 916 1612 954 950

327 986 483 1026 Funera
499 985 708 1026 discebant
723 985 898 1038 generis,
920 987 1229 1037 Cremeramque
1247 990 1475 1035 nocentem,

328 1059 377 1097 Ut
400 1057 621 1110 Capitolino
641 1058 859 1098 redeuntes
880 1058 1026 1098 vertice
1046 1057 1212 1098 tandem

325 1129 536 1170 Defessum
556 1135 725 1171 tenuere
746 1130 915 1182 gradum
934 1144 943 1179 ;
968 1135 1054 1170 tum
1076 1129 1262 1182 protinus
1282 1129 1425 1182 ingens

326 1202 419 1241 Visa
437 1201 690 1243 revolventes
711 1206 852 1254 stupor
871 1202 1010 1254 arripit
1030 1202 1126 1242 inde
1152 1202 1354 1253 sedentes,

325 1274 480 1314 Attenti
503 1273 648 1314 siluere
669 1274 763 1324 diu;
786 1286 882 1314 mox
901 1274 1003 1314 facta
1022 1274 1186 1315 videndi
1532 1277 1610 1314 955

326 1345 445 1398 Copia
465 1346 659 1398 captivos.
685 1345 855 1387 Stabant
867 1346 1074 1387 horrentia
1092 1346 1210 1399 longo

326 1417 498 1469 Agmina
516 1423 661 1458 moesta
681 1418 774 1466 situ,
799 1418 1069 1471 pallentiaque
1089 1430 1157 1458 ora
1177 1417 1403 1467 tumebant,

325 1489 518 1542 Nudaque
538 1489 739 1542 perplexis
758 1489 953 1530 onerabat
971 1495 1082 1542 terga
1101 1489 1252 1542 capillis

324 1562 512 1602 Caesaries
532 1562 736 1614 incompta
755 1562 839 1613 diu,
862 1562 1103 1615 squalorque
1122 1562 1279 1615 tegebat

322 1633 494 1673 Luridus
513 1633 687 1686 effigiem
701 1634 942 1687 tristemque
959 1634 1112 1675 ferebat
1131 1635 1312 1675 odorem.
1530 1637 1609 1675 960

322 1706 466 1746 Ferrea
483 1705 615 1747 vincla
633 1707 802 1759 gradum
821 1707 931 1747 lento
948 1707 1194 1759 suspendere
1214 1712 1342 1747 tractu

322 1777 525 1829 cogebant
543 1778 794 1832 manicaeque
816 1791 972 1832 graveS,
994 1779 1272 1832 complexibus
1290 1779 1380 1820 illos

322 1852 513 1890 Garoruni
533 1855 696 1892 vetuere
720 1851 798 1892 frui
818 1865 826 1891 :
857 1857 945 1892 tum
964 1852 1087 1893 verba
1107 1852 1286 1892 vicissim

322 1921 460 1962 Dulcia
477 1923 736 1975 permiscent,
759 1924 828 1965 sed
847 1925 1063 1977 perstrepit
1087 1937 1163 1965 aere
1187 1924 1339 1965 catenis

320 1994 486 2035 Reditus
506 1997 685 2037 excussis
704 1996 865 2048 stridor,
886 1997 1154 2050 lacrymaeque
1173 2008 1245 2049 per
1261 2008 1330 2037 ora
1527 1998 1607 2037 965

367 2141 442 2171 942.
476 2139 594 2173 Clauso
625 2141 658 2173 in
688 2142 741 2173 ed.
772 2142 860 2181 Bas„
891 2141 1002 2176 Clusio
1030 2142 1064 2175 in
1093 2152 1156 2175 ms.
1187 2144 1224 2183 Α,
1253 2143 1289 2181 Β,
1320 2142 1356 2182 C,
1377 2143 1414 2182 D,
1436 2143 1470 2174 F.
1508 2142 1608 2185 Reqes

320 2205 403 2228 corr.
426 2196 459 2228 in
480 2206 542 2229 [ηε.
561 2198 584 2229 Α
607 2208 662 2238 pro
680 2201 803 2240 qentes.

363 2255 439 2285 943.
464 2252 502 2286 Ut
521 2254 554 2286 in
576 2256 628 2286 ed.
651 2256 740 2293 Bas,
764 2259 862 2297 utque
883 2256 916 2287 in
937 2256 1089 2288 omnibus
1109 2266 1171 2288 ms,

363 2313 439 2341 951.
461 2310 635 2343 Cameram
656 2312 688 2343 in
708 2313 759 2344 ed.
781 2313 870 2350 Bas„
894 2312 1082 2346 Cremeram
1102 2313 1134 2344 in
1156 2314 1307 2346 omuibus
1330 2323 1392 2346 ms.

362 2368 439 2398 953.
463 2365 545 2400 Cum
565 2368 598 2400 in
620 2369 671 2400 ed.
696 2369 785 2407 Bas,
807 2370 923 2401 lumin
945 2370 1096 2402 omnihus
1113 2379 1175 2402 ms.

360 2426 436 2455 955.
458 2423 599 2457 Attoniti
629 2426 660 2458 in
688 2428 742 2459 ed.
771 2427 844 2458 Bas.
875 2430 907 2458 et
932 2427 965 2458 in
993 2436 1053 2458 ms.
1076 2429 1099 2459 Α
1121 2428 1252 2469 (corr),
1285 2430 1402 2461 attenti
1428 2428 1462 2460 in
1493 2438 1552 2459 ms.
1577 2430 1599 2459 Δ

318 2481 418 2522 (prior
437 2482 560 2524 lectio).

364 2540 441 2571 957.
459 2537 598 2581 Aymine
617 2540 649 2572 in
669 2542 721 2572 ed.
744 2541 834 2580 Bas„
850 2542 984 2583 agmina
1002 2542 1036 2573 in
1055 2542 1210 2574 omnibus
1230 2551 1292 2574 ms.
