1865 2959
777 258 817 263 —
846 238 913 271 317
941 257 984 263 -

249 321 456 373 Indignata
481 321 587 372 gravi
609 320 889 372 perturbavere
908 320 1100 360 tumultu.
1441 322 1518 359 495

247 394 467 432 Lorentana
484 397 588 432 retro
609 391 846 444 linquebant
865 391 997 431 littora
1014 395 1145 431 nautae

248 464 381 504 Securi
401 468 611 503 ventorum
636 467 673 503 et
692 463 866 503 carmina
882 468 975 503 nota
995 467 1198 512 canentes,

246 534 521 586 Applaudente
540 533 654 584 freto,
676 534 796 574 remis
814 534 1089 586 frangentibus
1110 545 1258 586 aequor.

247 605 429 657 Undique
448 605 692 656 respondent
711 606 929 658 rostrisque
954 605 1180 645 secantibus
1207 605 1338 644 undae.

245 676 411 715 Horrida
432 681 517 715 tum
538 676 679 716 subitis
699 682 945 729 consurgunt
963 689 1077 716 versa
1098 676 1278 728 procellis
1440 676 1517 713 000

245 748 434 798 AEquom,
460 752 497 786 ct
518 747 646 787 AEolio
668 753 934 800 prorumpunt
952 760 1105 788 carcere
1124 747 1265 787 fratres

244 819 446 868 Indomiti‚
469 820 732 872 quatiuntque
752 820 863 872 polos
884 825 1111 872 terramque
1130 819 1381 871 fretumque:

245 891 340 930 Inde
358 892 578 942 repentinis
597 892 830 944 panduntur
848 892 1008 932 carbasa
1028 891 1159 931 ventis
1179 906 1187 940 ;

243 962 520 1014 Nequidquam
542 963 649 1002 vario
671 962 901 1003 fervescunt
921 963 1062 1004 caerula
1090 968 1199 1002 motu
1223 975 1233 1002 z

241 1035 328 1074 Huc
346 1034 439 1074 illuc
457 1034 609 1086 rapitur
631 1035 782 1083 classis,
804 1034 979 1087 flatuque
1001 1039 1153 1074 rotatur
1437 1033 1515 1071 505

244 1105 440 1155 Quolibet,
465 1111 504 1146 at
527 1106 656 1146 nullas
677 1111 855 1158 spectant
877 1106 1031 1146 navalia
1053 1118 1206 1158 proras.

243 1177 344 1217 Hinc
368 1178 498 1230 aquilo
519 1178 720 1218 violentus
742 1178 820 1230 agit
837 1177 1061 1230 frangitque
1083 1178 1289 1225 rudentes7

243 1249 338 1288 Inde
355 1248 491 1289 furens
510 1251 655 1289 Auster
674 1248 879 1301 perfundit
896 1249 1019 1290 lintea
1037 1249 1202 1296 nimbis,

242 1321 290 1359 Et
311 1320 485 1360 tumidos
503 1321 580 1360 lato
603 1321 804 1361 deducens
828 1333 983 1373 aequore
1003 1321 1147 1361 fluctus

241 1391 370 1431 Littus
395 1391 437 1431 in
456 1393 683 1432 Ausonium
706 1391 866 1444 frangit.
887 1393 1057 1444 Fastigia
1078 1392 1172 1432 mali
1442 1392 1518 1429 «ΛΟ

242 1462 465 1503 Subsidunt
487 1463 623 1516 pelago
641 1478 649 1502 2
673 1464 858 1516 quotiens
879 1463 921 1503 in
941 1463 1080 1503 nubila
1102 1463 1226 1514 surgit

241 1535 289 1573 Et
309 1535 516 1586 Tyrrhena
534 1535 616 1575 solo
635 1541 848 1587 spumante
872 1535 1079 1575 cacumina
1098 1534 1231 1587 pulsat
1250 1565 1259 1583 ‚

241 1608 296 1646 Ac
314 1606 500 1658 quotiens
520 1612 625 1647 retro
652 1606 802 1647 furiosa
822 1607 1013 1647 relabitur
1033 1607 1156 1655 unda,

240 1678 388 1718 Crescit
402 1678 442 1718 in
462 1679 708 1718 immensum
736 1681 912 1719 Tuscum
933 1678 1036 1718 latus
1056 1689 1228 1730 arvaque
1251 1675 1374 1715 fundo

240 1748 349 1789 Sicca
372 1755 525 1801 patent,
546 1750 732 1803 nudaque
754 1755 934 1790 tremunt
952 1749 1160 1802 delphines
1177 1759 1311 1796 arena,
1439 1747 1516 1786 515

240 1821 289 1860 Et
308 1820 454 1861 crebris
474 1826 587 1862 sonat
610 1822 652 1862 in
673 1821 844 1874 scopulis
865 1821 977 1862 allisa
994 1832 1151 1862 carena.

285 2001 362 2033 497.
380 2000 465 2034 Nata
479 2002 510 2033 in
529 2003 566 2034 ed
584 2003 672 2040 Bas„
694 2006 770 2034 nora
788 2002 822 2034 iu
841 2011 902 2034 ms.
926 2004 963 2040 A,
983 2003 1019 2039 E,
1040 2003 1075 2033 F.

283 2059 360 2090 499.
378 2059 504 2092 Nostris
518 2060 550 2091 iu
564 2061 617 2091 ed.
632 2061 721 2098 Bas„
740 2059 851 2090 rostris
871 2059 904 2090 in
928 2068 991 2090 ms.
1012 2064 1049 2095 A,
1072 2059 1108 2096 Ε,
1128 2057 1164 2089 F.

285 2116 360 2146 500.
384 2115 509 2147 Pamin
532 2117 583 2147 ed.
604 2117 690 2154 Bas„
714 2115 822 2146 tamin
843 2125 902 2146 ms.
924 2117 962 2154 A,
984 2116 1018 2153 E,
1041 2115 1075 2146 F.

286 2167 362 2199 505.
386 2167 466 2200 Fato
483 2169 517 2200 in
535 2170 588 2200 ed.
608 2170 697 2207 Bas„
716 2167 798 2209 [latu
820 2168 851 2199 in
871 2177 931 2199 [ηε.
954 2169 993 2207 A,
1015 2168 1051 2206 E,
1074 2168 1109 2198 F.

284 2227 360 2256 506.
375 2224 418 2257 Ac
439 2225 470 2257 in
491 2227 543 2257 ed.
565 2226 652 2264 Bas„
671 2229 705 2257 at
726 2225 758 2256 in
776 2225 927 2256 omnibus
951 2234 1013 2256 ms.

282 2283 357 2313 510.
380 2282 524 2323 Fastiqia
544 2292 628 2314 corr.
651 2283 683 2314 in
702 2292 761 2314 ms.
785 2283 808 2313 A
831 2291 888 2322 pro
908 2281 1054 2322 vesliqia.

284 2341 359 2371 512.
382 2338 550 2382 Tyrrhena
568 2349 650 2370 corr.
672 2340 705 2370 in
727 2349 787 2370 ms.
809 2340 832 2370 A
847 2348 904 2379 pro
925 2342 1067 2374 terrena,
1085 2339 1117 2368 et
1132 2336 1207 2368 inde
1233 2337 1264 2367 in
1282 2346 1343 2367 ms.
1364 2336 1399 2367 E.

287 2398 362 2427 513.
384 2395 427 2427 Ac
448 2396 479 2426 in
501 2396 553 2427 ed.
573 2397 646 2427 Bas.
668 2399 697 2427 et
712 2396 787 2436 jure
804 2405 863 2435 pro
883 2398 929 2433 at,
948 2395 1033 2435 quod
1056 2394 1088 2425 in
1108 2394 1258 2425 omnibus
1278 2402 1338 2424 ηις.

284 2455 359 2485 514.
384 2453 467 2484 Arva
484 2452 646 2494 profundo
663 2462 747 2484 corr.
766 2452 799 2484 in
817 2461 880 2483 ms.
896 2452 932 2482 A.

285 2512 361 2542 516.
385 2510 439 2541 llic
461 2519 570 2541 versus
587 2510 617 2540 in
641 2519 702 2540 nis.
722 2510 745 2540 A
765 2512 867 2540 exstat
883 2510 1006 2539 tantum
1032 2508 1064 2539 in
1087 2508 1246 2549 margine.
