1865 2959
836 238 1046 273 0199-

304 321 404 369 Quid
426 320 525 360 mihi
546 322 723 361 Romana
743 321 825 361 sore
847 332 934 361 cum
959 320 1112 361 feritate
1132 322 1295 373 putasti,

303 392 430 444 Scipio
446 392 465 431 ‘?
489 391 591 440 Quid
612 391 799 431 meritum
819 392 963 431 melius
986 392 1040 431 sic
1060 393 1193 444 perdis
1212 392 1419 433 amicum?

302 464 389 502 Vita
414 463 581 503 molesta
605 463 672 502 tilii
698 468 832 502 nostra
853 469 936 512 est;
959 469 1056 516 quot
1075 464 1241 504 vulnera
1262 465 1304 504 in
1325 464 1400 504 isto
1500 468 1577 506 [ΠΟ

303 537 461 574 Pectore
486 534 737 586 pertulimus,
764 547 871 574 nunc
896 540 938 574 ut
966 547 1214 575 moreremur
1239 536 1409 576 amando
1431 538 1440 575 1

300 606 470 657 Spiritus
491 606 532 645 in
550 606 748 658 lacrymas
769 612 887 659 atque
908 607 948 646 in
971 607 1141 659 suspiria
1161 612 1330 648 moestus

301 677 522 726 Dessueret3
546 689 652 717 mors
672 678 781 717 nulla
803 679 884 718 viro
907 679 1042 718 minus
1063 683 1167 731 apta,
1193 680 1261 719 sed
1285 679 1387 718 ultra

300 751 385 788 Non
408 748 536 788 datur.
562 764 578 785 υ
612 751 702 789 Hmc
722 749 838 799 dixit,
860 749 1131 802 frendensque
1150 750 1199 789 ad
1222 750 1350 790 sidera
1374 750 1523 790 luctum

299 820 469 860 Sustulit
490 820 754 870 horrendum,
777 833 898 873 quem
916 821 1216 861 circumstantia
1235 821 1351 873 longe
1498 825 1575 862 4755

297 892 468 943 Agmina
488 897 712 939 senserunt,
741 899 939 945 motaeque
958 893 1108 934 haesere
1131 893 1326 934 cohortes.

297 963 424 1003 Littus
445 965 492 1003 1111
514 965 751 1017 Hesperium
774 977 992 1017 properans
1012 965 1177 1017 urgebat
1197 965 1364 1005 anhelos

295 1035 469 1075 Phoebus
490 1048 636 1088 equos3
661 1036 759 1076 forte
780 1037 845 1076 ille
868 1049 1021 1077 memor
1040 1037 1186 1089 quibus
1207 1037 1312 1077 alma
1332 1037 1483 1077 decorae

296 1107 471 1158 Virginis
491 1108 697 1147 Hemoniae
717 1108 951 1160 flagrassent
971 1114 1130 1160 pectora
1151 1108 1340 1157 flammis,

293 1180 520 1231 Laureaque
546 1184 637 1219 ante
656 1180 790 1219 oculos
812 1180 941 1220 stabat
960 1192 1032 1220 sua
1051 1192 1174 1230 sacra,
1196 1180 1406 1221 tremendo
1494 1182 1574 1221 480

292 1250 473 1303 prodigio
494 1257 688 1304 praerepta
707 1252 802 1301 sibi3
830 1257 917 1291 tum
939 1252 1019 1292 vita
1040 1252 1163 1293 relicti

294 1324 399 1362 Dura
420 1322 557 1372 nimis,
580 1323 790 1376 luctusque
810 1323 938 1375 gravis
957 1324 1076 1364 simul
1094 1325 1228 1365 oscula
1247 1329 1388 1365 trunco

294 1395 390 1435 Fixa
408 1395 475 1436 diu
496 1400 650 1445 tenero,
670 1395 830 1448 vitaque
850 1396 1022 1437 abeunte
1041 1398 1206 1450 tepenti.

293 1468 422 1519 Atque
439 1466 527 1507 ideo
546 1467 695 1507 similes
721 1468 823 1519 regis
843 1469 1054 1509 miseratus
1073 1480 1244 1517 amores,

291 1538 429 1578 Intulit
448 1540 602 1579 Oceano
622 1539 771 1589 vultus,
800 1540 1102 1593 lacrymosaque
1122 1541 1220 1580 lavit
1489 1543 1567 1582 485

291 1613 367 1652 Ora
382 1612 542 1661 cadens,
563 1612 750 1664 noctique
765 1625 856 1652 suas
875 1613 1059 1665 permisit
1076 1613 1254 1654 habenas

291 1685 435 1737 Scipio.
459 1684 573 1724 Nulla
593 1685 743 1725 etenim
765 1685 919 1725 dederit
938 1685 1098 1726 fortuna
1121 1686 1297 1739 quietem

289 1756 336 1796 Ni
357 1756 569 1796 mediocris
594 1756 667 1796 erit
686 1771 695 1805 ;
721 1768 814 1796 nam
835 1756 988 1797 tristior
1008 1757 1075 1797 illa
1095 1757 1252 1798 dolores

289 1830 393 1868 Laeta
412 1827 522 1868 vehit
546 1840 674 1869 curas.
698 1831 771 1869 Per
791 1833 950 1869 noctem
973 1829 1128 1882 singula
1149 1842 1285 1871 secum

288 1900 460 1953 Ancipiti
480 1913 571 1941 cum
593 1907 727 1942 mente
750 1906 866 1952 rotat‚
890 1914 990 1943 num
1009 1903 1146 1943 territa
1165 1904 1298 1956 pulset
1493 1906 1570 1945 490

290 1973 432 2013 Moenia
453 1976 665 2014 Poenorum
692 1979 728 2013 et
747 1979 877 2014 turres
898 1974 1163 2033 Carthaginis,
1189 1987 1240 2015 an
1262 1987 1303 2016 se

289 2047 498 2085 Extremos
519 2043 660 2085 fundat
689 2045 820 2098 Libyae
838 2051 1013 2086 vastator
1040 2047 1083 2087 in
1109 2059 1246 2100 agros;

288 2120 351 2158 An
374 2118 553 2170 requiem
572 2117 687 2158 fessis
711 2130 928 2171 paucorum
951 2118 1052 2160 forte
1075 2120 1231 2160 dierum

289 2189 465 2229 Praebeat
484 2189 700 2242 equitibus,
721 2190 982 2243 peditumque
1000 2191 1067 2231 det
1085 2191 1166 2232 otia
1183 2191 1341 2232 turmis.

289 2260 356 2301 Illa
378 2261 604 2301 recursabat
619 2260 748 2314 potior
769 2261 842 2301 sub
861 2267 1019 2314 pectore
1038 2262 1141 2302 cauti
1489 2265 1567 2304 495

329 2448 406 2479 473.
431 2446 520 2481 Ultro
541 2457 598 2487 pro
616 2447 703 2479 ultra
721 2448 754 2479 in
774 2457 835 2480 ms.
855 2450 889 2481 F.

331 2506 410 2536 493.
431 2504 612 2538 Rccusabat
633 2504 664 2537 in
686 2506 736 2537 ed.
762 2507 821 2537 Bas
842 2531 850 2546 ‚
872 2506 1056 2540 recursabat
1077 2506 1110 2538 in
1130 2516 1189 2539 ms.
1213 2508 1251 2547 A,
1271 2508 1304 2540 E.
