1865 2959
858 233 1068 273 —298—

319 324 523 376 Obstupeo
543 321 748 374 mirorque
774 318 926 372 fugam,
960 319 1030 360 sed
1051 318 1185 360 notior
1206 319 1285 359 11115

318 398 390 438 Est
407 395 529 448 regio,
548 394 671 447 idque
695 392 818 433 hodie
838 390 978 432 multis
996 390 1165 432 fortasse
1184 390 1326 432 salutis

319 469 448 508 Causa
463 465 554 507 fuit.
576 481 593 504 »
619 465 747 507 Medio
773 464 1020 517 abrumpens
1041 475 1227 504 sermone
1248 462 1481 515 loquentem

318 542 403 582 Rex
425 539 479 580 ait
503 553 512 578 :
535 553 554 576 «
576 540 653 579 Iste
669 537 835 591 quidem
855 537 999 577 merito
1020 536 1268 577 clarissimus
1286 535 1397 576 omni

320 612 556 653 posteritate
573 611 659 652 dies
678 622 750 664 per
771 610 917 650 saecula
937 609 1056 662 longa
1078 608 1243 659 feretur,

318 683 503 726 Nominis
523 683 693 724 Ausonii
722 681 844 722 fuerit
865 681 963 722 dum
987 680 1094 721 fama
1117 684 1341 734 superstes..

322 757 414 807 Sed,
437 755 540 797 mihi
561 755 692 806 crede,
710 754 808 805 Leli‚
829 753 925 794 novi
945 765 1160 806 moresque
1180 753 1433 805 animosque.

321 829 523 871 Hannibal
543 840 649 869 anne
672 827 775 868 dolis
793 827 923 867 victus
945 825 1179 867 succumbat
1210 837 1261 866 an
1292 824 1417 865 armis

319 902 453 944 Serius
476 901 677 942 incertum
698 904 783 940 est:
807 911 937 940 unum
958 899 1059 939 mihi
1078 899 1233 949 lumen,
1249 898 1292 938 in
1312 897 1380 938 1110

321 978 492 1017 Centum
515 972 641 1013 0011115
661 984 732 1025 par
751 977 811 1012 051
830 974 984 1025 Argum
1007 983 1129 1024 quem
1151 982 1256 1023 saepe
1275 982 1416 1011 vocare

321 1047 523 1088 Bellorum
548 1045 655 1086 soleo
678 1044 772 1097 quia
790 1056 875 1085 non
894 1048 953 1085 est
971 1043 1108 1084 fallere
1131 1043 1321 1096 cuiquam

322 1118 534 1172 Ingenium
556 1122 817 1170 mentemque
838 1117 930 1157 viri.
951 1118 1105 1157 Tamen
1120 1115 1256 1156 onmia
1276 1109 1367 1155 vflae

322 1190 496 1232 Consilia
524 1194 643 1242 atque
661 1200 824 1229 omnem
845 1188 1032 1241 ancipitis
1051 1187 1295 1228 discriminis
1314 1191 1442 1227 artem

322 1265 506 1304 Verterat
528 1273 608 1301 una
628 1261 728 1302 dies.
752 1263 925 1314 Jamque
946 1260 1057 1301 hunc
1078 1260 1288 1313 prendisse
1306 1258 1472 1299 videbar

324 1338 373 1376 Et
393 1334 582 1376 comitem
599 1333 729 1374 inviso
750 1335 920 1374 Romam
946 1333 1107 1373 misisse
1143 1331 1331 1385 Syphaci.

325 1408 400 1449 Sed
423 1407 520 1447 dum
541 1411 684 1447 cuncta
704 1405 830 1446 oculis
851 1405 978 1446 lustro
1000 1404 1276 1457 vigilantibus,
1301 1403 1370 1444 ille

321 1479 493 1522 Advolat
514 1483 552 1519 ct
571 1483 666 1519 noto
689 1478 866 1519 decurrit
886 1477 1049 1518 tramite
1070 1482 1183 1518 tutus
1203 1491 1211 1516 :

321 1554 402 1593 Nec
421 1550 594 1592 dubium
611 1551 798 1603 ingentes
817 1549 915 1602 quin
934 1554 1096 1590 montes
1118 1548 1261 1601 stragis
1281 1554 1321 1589 et
1345 1548 1471 1589 altuni

324 1623 542 1676 Sanguinis
567 1621 723 1663 infandi
742 1622 907 1676 pelagus
928 1621 991 1662 vel
1011 1622 1122 1662 111010
1142 1621 1342 1662 velandis

323 1697 568 1746 Crevissent,
599 1695 678 1736 nisi
699 1695 874 1748 dilapsos
901 1706 1113 1747 peropaca
1132 1694 1288 1734 viarum

323 1769 474 1810 Vicinae
492 1768 609 1808 sociis
628 1768 830 1820 cepissent
857 1767 1060 1807 moenibus
1082 1778 1208 1807 arces.
1230 1781 1248 1804 »

1553 463 1605 503 60

324 1840 479 1893 Excipit
497 1840 607 1880 hunc
629 1839 759 1892 Scipio
781 1851 790 1879 :
821 1854 838 1876 α
857 1839 992 1879 Vitam
1011 1850 1276 1891 quaecunique
1302 1850 1373 1891 per
1394 1849 1557 1879 omnem

324 1917 403 1955 Aut
422 1913 504 1954 vidi
526 1917 594 1953 aut
614 1912 706 1964 legi,
728 1912 869 1961 fateor,
891 1911 992 1951 mihi
1012 1923 1132 1963 parva
1154 1911 1343 1951 videntur

370 2134 424 2164 62.
445 2132 552 2173 Longe
569 2132 602 2163 in
622 2132 676 2163 ed.
699 2131 786 2170 Bas„
809 2131 905 2173 longa
926 2131 958 2162 in
979 2131 1132 2163 omnibus
1149 2139 1210 2161 1115.

371 2193 424 2222 64.
447 2189 603 2222 Animum
621 2189 655 2220 in
673 2189 726 2220 ed.
744 2189 833 2226 Bas„
857 2190 983 2220 annuos
1003 2189 1034 2220 iu
1057 2197 1118 2219 ms.
1139 2189 1176 2219 Α.

371 2250 425 2280 65.
447 2247 484 2280 In
505 2247 538 2278 in
553 2248 605 2279 ed.
626 2247 714 2284 Bas„
736 2255 778 2277 an
797 2245 827 2277 111
849 2255 911 2277 ms.
930 2247 970 2284 A,
992 2246 1027 2284 B,
1046 2246 1080 2283 C,
1100 2247 1138 2284 D,
1154 2245 1188 2276 E.

372 2307 426 2337 66.
448 2304 555 2338 Servis
578 2303 611 2335 in
630 2304 683 2335 ed.
705 2303 793 2341 Bas„
810 2303 914 2335 serius
935 2303 966 2334 in
987 2303 1140 2335 omnibus
1160 2311 1222 2333 ms.

1561 1912 1612 1950 80

371 2365 425 2395 75.
449 2360 609 2403 Quoniam
627 2365 753 2393 montes
770 2361 887 2402 straqis
908 2360 1012 2392 altum
1033 2360 1066 2391 in
1088 2361 1139 2392 ed.
1168 2360 1258 2397 Bas„
1279 2359 1357 2401 quin
1377 2360 1504 2391 montes
1527 2360 1612 2390 stra-

326 2421 374 2462 yis
393 2422 425 2452 et
447 2419 553 2452 altum
573 2418 606 2450 in
627 2418 780 2450 omnibus
801 2427 863 2449 ms.

372 2478 425 2509 77.
448 2475 603 2510 Crevisset
632 2475 665 2506 in
686 2475 740 2506 ed.
762 2476 853 2511 Bas„
874 2475 1045 2506 crevissent
1065 2473 1097 2505 in
1118 2483 1179 2505 ms.
1200 2474 1239 2509 Λ,
1262 2473 1298 2511 B,
1321 2473 1355 2512 C,
1375 2473 1412 2511 D,
1428 2473 1463 2503 F.

373 2536 429 2566 79.
445 2533 581 2568 Excidit
601 2533 635 2565 in
656 2534 707 2566 ed.
724 2534 813 2572 Bas„
835 2533 955 2575 excipit
975 2532 1009 2564 in
1031 2541 1092 2563 ms.
1114 2531 1153 2570 A,
1175 2531 1211 2570 B,
1233 2531 1268 2569 E,
1290 2531 1325 2562 F.
