1865 2959
883 308 1053 342 ..4-

321 390 470 435 studio
492 390 670 448 incepto
698 391 820 449 operi
851 390 1158 443 incumbebat,
1189 395 1239 434 ut
1275 404 1434 435 versus
1469 392 1606 437 veluti

320 469 396 514 fon
405 474 444 513 te
453 469 556 513 vivo
575 472 799 513 scatentes
811 482 959 527 neque
971 468 1043 513 die
1055 482 1203 527 neque
1217 468 1310 514 fere
1327 474 1458 515 nocte
1474 471 1606 514 inter-

318 547 531 591 mitteret.
554 547 711 590 Narrat
730 547 826 605 ipse
849 546 1017 592 scilicet
1038 560 1154 599 sese,
1172 551 1273 605 post
1295 547 1465 605 aliquot
1488 548 1601 601 dies,

317 626 468 671 labore
495 625 676 670 assiduo
709 625 956 679 defessum,
995 625 1049 669 ab
1076 626 1219 670 amico
1242 625 1439 683 quodam
1465 627 1603 670 vehe-

317 709 493 749 menter
514 704 801 764 objurgatum
826 718 926 749 esse
947 720 958 758 ;
994 717 1179 763 passum
1204 703 1387 761 quidem
1417 704 1500 748 sibi
1535 705 1602 748 bi-

316 782 554 827 bliothecae
573 782 723 827 claves
744 782 925 835 auferri,
951 781 1076 826 brevi
1096 786 1339 840 pertaesum
1361 795 1476 835 esse,
1499 782 1602 826 dein

315 862 517 906 concessi
539 861 808 920 poenituisse
835 861 927 914 otii,
955 864 1186 919 postremo
1211 861 1367 919 capitis
1399 860 1602 905 dolorem

312 939 577 998 febremque
592 940 828 992 invasisse,
846 943 979 998 atque
992 953 1131 983 unam
1150 938 1448 997 eamdemque
1463 939 1601 985 fuisse

312 1018 459 1063 morbi
480 1032 662 1063 causam
690 1022 734 1063 et
754 1018 912 1062 salutis
935 1017 1003 1065 (1).
1028 1018 1143 1061 Tum
1174 1017 1229 1062 de
1256 1018 1498 1075 semetipso
1532 1017 1599 1061 di-

311 1111 410 1142 cere
434 1101 606 1155 poterat
637 1096 759 1154 quod
788 1096 939 1141 Livius
965 1095 1020 1140 de
1046 1096 1250 1154 Scipione
1275 1112 1283 1139 :
1312 1114 1332 1136 «
1361 1097 1457 1139 Jam
1483 1095 1599 1139 Afri-

311 1189 409 1220 cam
450 1189 755 1234 magnamque
778 1175 1094 1233 Carthaginem
1127 1178 1170 1219 et
1202 1175 1248 1218 in
1285 1188 1420 1218 suum
1462 1173 1600 1219 decus

310 1267 569 1312 nomenque
590 1253 715 1297 velut
736 1256 1103 1298 consummatum
1128 1253 1224 1311 ejus
1246 1256 1389 1308 operis
1409 1252 1598 1311 gloriam

310 1331 539 1391 spectabat
565 1331 627 1378 (2).
652 1349 673 1372 »

368 1411 524 1468 Neque
552 1410 628 1454 diu
651 1409 853 1454 constitit
867 1409 941 1453 hic
963 1409 1222 1454 febricitans
1244 1409 1393 1462 ardor,
1410 1413 1454 1454 et
1470 1411 1597 1468 quasi

302 1489 396 1548 jam
416 1488 564 1533 omnis
581 1488 656 1531 illa
669 1489 737 1532 vis
759 1492 803 1532 et
821 1488 1004 1531 flamma
1018 1488 1192 1546 poetica
1213 1487 1592 1546 exstingueretur,

307 1566 505 1611 inchoati
551 1566 696 1625 operis
741 1565 980 1610 Petrai-cha
1027 1565 1120 1610 fere
1157 1565 1323 1609 oblitus
1365 1569 1447 1609 est.
1491 1566 1595 1611 Sese

307 1644 439 1688 variis
459 1644 723 1688 distractum
752 1657 852 1688 esse
873 1643 991 1687 curis
1014 1657 1122 1687 sane
1136 1643 1385 1688 contendit.
1414 1644 1595 1689 Accedit

305 1737 357 1768 eo
378 1722 498 1781 quod
520 1722 676 1766 mobili
696 1726 790 1766 erat
810 1722 962 1766 animo
984 1725 1118 1780 atque
1146 1722 1206 1765 ita
1227 1736 1274 1766 se
1304 1722 1517 1774 habebat,
1546 1727 1594 1766 ut

305 1815 484 1860 semper
509 1801 654 1846 libens
680 1800 848 1845 librum
875 1814 1047 1845 novum
1081 1800 1312 1859 inciperet,
1349 1814 1496 1858 neque
1524 1800 1592 1843 in-

304 1880 423 1924 vitus
444 1880 718 1938 relinqueret
734 1895 745 1931 ;
773 1880 1046 1938 magistrum
1066 1879 1212 1932 illum,
1237 1893 1327 1936 quo
1346 1893 1457 1923 usus
1477 1882 1588 1931 erat,

304 1970 412 2001 sane
438 1957 638 2000 imitatus
653 1992 663 2009 ,
687 1956 757 2000 eui
778 1956 989 2015 praeclare
1021 1955 1287 2000 inchoatum
1309 1970 1423 2014 opus
1446 1955 1590 2014 quod-

304 2036 372 2080 vis
406 2050 512 2079 mox
546 2035 591 2078 in
629 2034 816 2079 taedium
857 2034 1143 2088 vertebatur,
1187 2033 1591 2093 imperfectumque

303 2115 458 2172 utique
483 2112 710 2157 manebat.

352 2193 526 2236 Interea
535 2191 654 2235 fama
664 2190 978 2250 percrebuerat
989 2190 1035 2233 in
1048 2190 1210 2248 vulgus
1224 2189 1350 2234 brevi
1363 2189 1589 2234 exiturum

250 2263 254 2267 ”
301 2283 462 2329 poema
474 2269 597 2313 haud
625 2271 803 2313 AEnec'dc'
825 2269 984 2327 impar,
1014 2272 1059 2312 et
1087 2267 1399 2326 expectatione
1425 2268 1588 2326 plenus

302 2352 395 2392 erat
408 2348 631 2393 litteratus
646 2347 852 2406 quisque.
874 2348 1027 2405 Itaque
1046 2360 1187 2404 quum
1198 2347 1294 2404 jain
1312 2347 1407 2403 ipse
1421 2346 1587 2389 Petrai·-

344 2548 391 2589 (1)
410 2547 504 2580 Fam.
527 2555 600 2586 xm,
620 2547 652 2578 7.

342 2606 388 2646 (2)
410 2606 481 2637 Τιτ.
505 2606 592 2643 Liv„
611 2604 695 2637 Hise.
716 2612 817 2642 rom.‚
835 2610 951 2642 xxviii,
973 2603 1028 2634 17.
