1865 2959
776 212 915 248 -0299
942 233 987 239 —-

246 295 409 345 Fabula,
432 295 528 335 dum
546 295 714 336 memini
732 296 984 336 Hannibalis.
1006 296 1188 348 Vidistis,
1218 297 1352 347 amici,

247 369 426 416 Quantus
446 371 547 416 erat,
569 371 799 420 quantaque
820 367 923 408 acies
943 367 1173 408 firmaverat
1203 373 1301 410 arte.

248 441 335 490 lpse
355 437 454 477 mihi
473 438 663 478 adversus
681 438 867 478 veniebat
886 438 929 478 in
946 438 1104 491 agmine
1123 441 1252 491 primo
1274 480 1290 492 ‚-

247 508 444 561 Objioiens
464 510 607 550 Poenos
631 509 738 550 Italis
769 509 1044 562 Numidasque
1063 509 1246 560 rebelles,

245 580 489 631 Massinissa,
511 580 582 620 tibi
603 593 759 621 memor
781 581 856 621 hos
881 581 1051 634 odioque
1068 586 1261 634 metuque
1465 586 1516 623 85

244 655 290 695 In
307 664 441 704 regem
462 663 638 704 pugnare
660 664 778 692 suum
814 667 824 702 3
848 652 1082 706 Latiamque
1114 652 1319 694 eohortem

244 726 341 764 Ecce
363 722 429 763 ubi
446 723 665 771 constituit,
701 723 891 776 quoniam
916 724 1074 764 venisse
1098 728 1273 765 coactam

244 796 428 843 Noverat,
451 795 493 834 in
510 794 684 835 frontem
705 795 814 835 stetit
836 795 968 836 Indica
986 795 1119 836 bellua
1150 807 1294 848 pugnae

246 866 454 919 Getulique
474 878 609 918 greges
627 881 636 916 3
658 866 804 906 horum
827 871 976 907 terrore
997 867 1152 920 putavit

243 941 464 979 Romanam
485 938 644 979 turbare
666 939 805 989 aciem,
829 951 1000 992 quorum
1026 940 1201 992 impetus
1222 940 1279 980 illi
1467 943 1519 981 90

242 1010 394 1052 Profuit
408 1010 632 1050 innumeris
653 1009 791 1060 bellis;
816 1011 885 1051 sed
902 1011 1066 1051 amicior
1087 1023 1251 1052 omnem

244 1085 359 1123 Hune
376 1082 491 1123 nobis
515 1082 675 1123 fortuna
692 1088 849 1123 metum
870 1083 1059 1134 detraxit,
1092 1096 1280 1136 eramque

244 1158 330 1207 lpse
350 1167 419 1207 ego
441 1155 647 1203 sollicitus,
673 1155 821 1207 quibus
842 1155 917 1196 hoe
939 1156 1098 1196 eludere
1129 1161 1358 1197 monstrum

241 1226 404 1266 Artibus
422 1231 490 1266 aut
510 1226 678 1267 tolerare
697 1226 801 1267 feras
823 1239 900 1280 quo
920 1227 1061 1268 robore
1084 1239 1274 1281 possem,

243 1300 372 1350 Atque
390 1298 478 1338 ideo
506 1298 679 1351 primam
702 1310 792 1339 rara
812 1298 968 1350 legione
1000 1303 1200 1340 catervam
1470 1302 1522 1338 95

242 1369 406 1422 Implevi
426 1369 566 1420 facilis,
586 1370 689 1422 pesti
711 1381 789 1422 qua
816 1370 1010 1411 transitus
1031 1375 1151 1421 esset,

243 1443 292 1482 Ut
312 1454 429 1482 eursu
449 1441 592 1482 diffusa
608 1454 678 1482 suo
697 1442 921 1482 eontentior
947 1442 1023 1483 iret

240 1516 415 1553 Innocua
438 1513 594 1553 feritate
613 1525 749 1554 ruens.
776 1514 868 1565 Sed,
888 1514 1073 1566 tIuppiter
1107 1513 1226 1564 alme,

241 1586 368 1634 Quam
385 1584 478 1625 forti
496 1585 605 1625 stetit
627 1585 695 1626 ille
720 1585 872 1635 animo,
895 1585 992 1626 dum
1012 1585 1135 1626 fracta
1161 1586 1317 1626 videret

243 1659 412 1704 Cornua,
440 1669 560 1710 quam
582 1657 898 1707 nihilextimuit,
919 1658 1187 1710 quotiensque
1206 1658 1409 1700 labantem
1446 1663 1522 1700 wo

241 1729 425 1770 Restituit
440 1729 588 1769 virtute
608 1730 748 1779 aciem,
770 1730 1055 1783 interdumque
1085 1731 1211 1783 coegit

240 1802 360 1853 Spem
377 1800 549 1841 titubare
568 1813 716 1841 meam.
744 1802 913 1842 Solitum
928 1803 1078 1854 jactare
1099 1801 1278 1855 profecto

242 1872 388 1913 Montio
403 1872 599 1913 clarorum
619 1873 739 1914 fuerit
756 1874 789 1913 si
811 1873 911 1914 forte
932 1873 1127 1924 virorum,

241 1944 385 1985 Audivi
403 1945 487 1998 ipse
512 1945 644 1986 omnis
678 1945 782 1987 bello
804 1946 913 1999 quod
936 1947 1080 1987 tertius
1101 1946 1174 1987 aevi

289 2096 342 2126 81.
363 2094 542 2132 Hannibali,
558 2096 592 2127 in
613 2097 665 2128 ed.
685 2097 774 2135 Bas„
794 2096 985 2129 Hannibalis
1001 2097 1035 2129 in
1056 2097 1208 2129 omnibus
1228 2106 1291 2130 ms.

290 2153 344 2183 92.
363 2151 489 2184 Mecum
508 2152 542 2184 in
562 2153 614 2184 ed.
633 2153 721 2192 Bas„
744 2154 868 2185 metum
890 2153 922 2185 in
943 2163 1005 2186 ms.
1029 2155 1065 2193 A,
1089 2155 1125 2193 B,
1143 2155 1177 2193 C,
1199 2155 1236 2192 D,
1258 2155 1294 2185 E.

287 2210 342 2239 95.
363 2208 504 2250 Reyione
524 2209 558 2241 in
573 2210 625 2241 ed.
645 2210 733 2247 Bas„
755 2210 880 2251 leqz'one
897 2210 930 2241 in
945 2211 1097 2243 erunibus
1115 2220 1176 2243 ms.

288 2265 342 2296 96.
365 2264 468 2297 Faem
490 2289 510 2296 ..
526 2275 594 2307 quw
614 2267 643 2297 111
666 2268 716 2298 ed.
734 2267 822 2305 Bas,
840 2266 946 2307 facilis
966 2269 996 2299 iu
1016 2268 1168 2300 omnibus
1186 2277 1262 2306 ms.,
1279 2276 1341 2308 qim
1356 2267 1388 2299 in
1406 2276 1467 2299 ms.
1484 2269 1522 2306 A,

242 2322 279 2360 B,
303 2322 337 2361 C,
356 2323 392 2360 D,
416 2324 451 2353 F.

288 2379 366 2410 101.
388 2377 462 2410 Acie
483 2379 515 2410 in
536 2381 588 2411 ed.
612 2380 699 2419 Bas„
721 2382 823 2413 aciem
839 2381 869 2412 111
892 2391 953 2413 ms.
975 2382 1012 2421 A,
1035 2382 1070 2421 B,
1091 2381 1126 2421 C,
1148 2382 1185 2420 D,
1208 2382 1241 2412 E.
1264 2383 1388 2413 Desunt
1404 2382 1437 2412 111
1457 2391 1520 2413 ms.

243 2437 264 2466 F
286 2445 399 2467 versus
419 2437 475 2467 101
490 2438 581 2468 -131,

290 2494 365 2524 lot.
394 2492 537 2525 Territus
554 2494 585 2525 111
604 2495 657 2526 ed.
681 2495 768 2533 Bas,
791 2496 905 2527 tertius
924 2496 953 2527 111
976 2506 1034 2526 nis.
1056 2497 1093 2533 A,
1112 2497 1148 2533 B,
1169 2496 1202 2533 C,
1223 2497 1258 2533 D,
1280 2497 1312 2528 E.
