1865 2959
858 324 1069 359 —272—

320 408 477 458 Quanta
494 408 595 448 mihi
620 420 750 462 nuper
769 409 979 463 qualisque
1006 408 1229 449 novissima
1246 409 1379 462 proles
1525 414 1604 454 550

320 480 563 533 Contigerat,
588 480 728 532 fateor,
754 481 912 534 Superi,
931 481 1333 534 mordaxquei'atenti

319 552 474 593 Invidia
497 552 684 603 obsistat;
708 565 791 593 non
802 552 930 593 ullum
956 553 1064 604 regia
1078 552 1205 605 pascit

319 626 511 677 Majoreni
536 637 728 677 generosa
746 625 872 666 JoviS.
895 625 991 674 Quis
1008 624 1140 665 fervor
1167 625 1209 665 in
1230 625 1309 666 ullo

320 699 396 737 Par
420 696 495 737 suit
516 709 564 738 ex
584 710 662 751 quo
683 697 949 738 Prometheus
974 696 1168 737 subduxit
1188 697 1236 738 ab
1258 698 1376 738 astris

318 768 574 820 Particulani,
597 770 768 822 caecique
789 768 937 809 infudit
962 770 1132 821 pectoris
1153 774 1284 820 antro,
1523 773 1601 811 555

318 842 592 894 Accenditque
611 842 814 882 homines.
838 843 995 891 Quanta
1014 847 1074 882 est
1093 842 1321 882 constantia
1343 843 1470 883 nienti

319 914 462 954 Insita!
486 916 614 964 Quam
642 927 816 967 praeceps
834 927 905 967 per
925 919 1067 955 cuncta
1084 914 1261 966 pericula
1276 913 1427 955 fertur!

317 987 488 1037 Credite,
512 999 700 1040 corporeo
718 987 795 1027 nisi
822 992 1003 1027 mentem
1025 998 1180 1026 carcere
1205 986 1382 1027 clausam

316 1060 481 1100 Sarcina
500 1059 778 1100 membrorum
798 1064 1012 1112 premeret,
1032 1058 1134 1100 foret
1155 1058 1220 1100 ille
1238 1062 1413 1101 Deorum

315 1134 375 1172 Ex
395 1144 581 1184 numero,
609 1133 787 1186 solioque
806 1133 911 1174 altus
929 1133 1111 1173 radiante
1134 1134 1304 1174 sederet.
1524 1135 1602 1174 560

314 1204 486 1245 Nomine
498 1217 581 1245 non
600 1217 700 1258 opus
717 1210 791 1255 est,
818 1204 887 1245 ubi
908 1204 981 1245 soli
1001 1205 1190 1246 convenit
1213 1205 1279 1245 uni

314 1276 428 1325 Quod
446 1276 637 1329 loqueris,
659 1276 853 1330 factisque
877 1278 973 1318 satis
993 1279 1080 1330 J'ani
1101 1278 1286 1329 cognitus
1313 1277 1398 1318 orbi
1418 1282 1479 1318 est

315 1349 531 1389 Hannibal.
560 1351 664 1390 Ante
685 1361 780 1390 suos
799 1350 969 1402 perdent
989 1350 1164 1390 errantia
1188 1350 1308 1390 calles

315 1421 469 1472 Sidera,
496 1426 533 1462 et
551 1421 762 1474 AEthiopes
782 1421 944 1462 nivibus
961 1422 1092 1474 gravis
1118 1422 1261 1463 obruet
1285 1426 1417 1472 aestas,

316 1493 609 1548 Riphaeuinque
627 1494 718 1547 gelu
744 1496 867 1535 Borea
896 1493 1091 1546 tepefacta
1108 1494 1278 1548 liquenti
1523 1496 1600 1534 565

316 1566 454 1607 Solvet
473 1567 620 1617 biems,
644 1579 766 1619 quain
784 1566 879 1607 sseta
904 1567 990 1607 viro
1019 1567 1253 1620 produxerit
1273 1567 1328 1607 illi

314 1639 436 1679 Terra
460 1651 620 1691 pare1n3
642 1651 714 1680 nec
740 1639 836 1680 fallit
856 1651 983 1690 amor,
1015 1640 1084 1680 sed
1105 1652 1198 1680 vera
1226 1639 1394 1681 fatebor.

313 1711 482 1761 Parcite,
505 1710 689 1751 ooelicolae
709 1726 717 1762 ;
742 1723 881 1752 vereor
908 1723 959 1752 ne
977 1712 1103 1752 tristis
1124 1712 1287 1753 alumno

313 1783 467 1824 Invidia
487 1789 525 1824 et
546 1796 673 1825 caecus
693 1789 834 1825 noceat
854 1784 980 1825 favor.
1006 1785 1152 1837 Aspice
1176 1790 1317 1836 terras,

310 1856 510 1908 Juppiter,
534 1857 682 1897 Italiae:
704 1857 826 1898 viden
856 1857 963 1897 inter
986 1862 1110 1898 strata
1139 1857 1290 1898 colonis
1521 1859 1598 1897 570

310 1931 417 1970 Arva
435 1929 534 1980 suis,
558 1930 679 1970 viden
702 1930 893 1982 indigena
920 1930 1072 1970 variata
1095 1942 1234 1971 cruore

312 2002 515 2053 Flumina,
539 2007 578 2043 et
593 2003 740 2056 ignotis
763 2002 940 2043 multum
963 2003 1155 2043 distantia
1173 2003 1314 2043 terris?

312 2076 436 2115 Busta
456 2076 605 2116 ducum
624 2076 756 2128 potuit
773 2075 900 2115 latum
921 2074 1112 2115 effudisse
1134 2086 1205 2128 per
1227 2074 1367 2115 orbem

313 2147 515 2187 Hannibal
534 2148 611 2188 ista
631 2160 771 2198 meus3
798 2148 928 2200 potuit
950 2148 1181 2201 disjtmgere
1202 2153 1362 2188 montes

312 2221 362 2259 Et
386 2219 491 2260 saxis
520 2224 671 2261 arctare
691 2221 801 2273 vagis
830 2235 838 2260 :
862 2232 1005 2261 verum
1020 2219 1162 2261 obvius
1180 2219 1239 2259 illi
1521 2221 1597 2259 575

308 2294 423 2333 Nunc
445 2296 550 2333 Deus
570 2298 629 2333 est
652 2293 795 2346 aliquis
814 2307 822 2342 ;
844 2293 933 2346 quis
954 2293 1061 2333 enini
1085 2292 1269 2332 mortalia
1300 2297 1439 2333 contra

356 2500 432 2529 565.
455 2497 612 2539 Loquenti
632 2498 663 2529 in
681 2499 735 2530 ed.
759 2498 846 2535 Bas..
864 2498 1001 2539 liquenti
1021 2497 1053 2528 in
1075 2498 1225 2529 omnibus
1240 2507 1301 2529 nis.

356 2557 430 2586 566.
454 2555 591 2587 landa...
610 2555 802 2597 perduxerit
823 2555 857 2587 iu
878 2556 929 2587 ed.
948 2555 1036 2593 Bas..
1051 2554 1170 2595 soeca...
1189 2555 1382 2596 produxerit
1399 2555 1428 2586 iu
1446 2554 1595 2586 omuibus

311 2621 372 2643 ms.
