1865 2959
815 226 855 232 —-
883 208 950 242 ‘117
977 229 1019 233 —

283 293 354 332 Hic
370 303 503 345 parere
518 291 648 331 ferum
672 291 861 332 Romanis
878 291 1051 331 fascibus
1068 292 1250 332 Histrum

282 364 506 412 perdoceat,
530 363 776 414 geminatque
797 363 925 402 solum
948 363 1054 415 quod
1075 364 1251 416 subjacet
1270 367 1401 415 Ursae3

282 435 353 474 Hic
372 434 519 474 Urbem
542 433 669 472 tribus
689 433 870 472 invectus
897 433 944 473 de
971 445 1080 473 more
1105 435 1319 487 triumphis

280 505 414 545 Edicet
434 505 504 544 toti
525 509 718 557 praecepta
736 505 936 556 incognita
956 505 1108 545 mundo
1134 519 1142 544 :

280 579 327 615 Et
343 587 499 615 summo
521 575 649 615 celsus
671 575 769 615 solio
786 575 985 615 submissa
1005 575 1157 615 videbit

281 650 441 698 Sceptra
459 647 532 686 sihi
546 646 749 699 clarosque
768 647 887 686 duces
908 651 1024 699 atque
1052 648 1210 698 agmina
1226 648 1332 700 vulgi
1348 662 1357 697 ;

280 720 441 759 Munera
460 717 561 758 ferre
582 730 722 758 omnes
742 719 952 770 studioque
976 719 1113 758 ardere
1137 719 1332 770 placendi.

278 792 367 830 Jam
389 790 520 829 senior
534 789 681 841 rigidos
701 789 802 829 bollo
823 790 1041 829 contundet
1060 789 1213 839 lberos;

280 861 452 901 Ultimus
476 860 541 900 ille
561 861 686 900 labos.
713 860 878 900 Exhinc
901 860 1116 913 tranquilla
1135 865 1358 913 sequuntur

279 933 428 974 Saecula
445 947 453 982 ;
474 936 561 972 111111
581 932 729 984 gemini
748 932 983 972 claudentur
1001 932 1129 972 tristia
1149 932 1239 973 Jani

279 1001 446 1052 Limina,
473 1006 510 1042 61
528 1002 634 1041 Erati
655 1003 878 1054 jungentur
899 1001 1058 1042 cardine
1075 1007 1223 1054 postes.

279 1074 374 1113 Inde
397 1085 557 1125 gravem
577 1073 730 1113 tumulo
752 1073 885 1113 mittet
908 1074 1134 1114 veneranda
1159 1079 1341 1114 senectus

278 1146 505 1197 Digressum
523 1145 707 1196 amplexu
729 1149 767 1184 61
788 1145 939 1185 dilecta}
959 1136 1137 1197 conjugis
1156 1146 1277 1185 ulnis.

278 1218 406 1269 Hujus
424 1215 517 1268 post
534 1216 684 1256 cineres
705 1216 820 1256 video
840 1218 1018 1257 Romana
1036 1217 1182 1257 reverti

277 1291 372 1329 Fata
389 1293 492 1334 retro
514 1293 552 1328 61
572 1288 758 1340 pulchros
772 1288 924 1341 prolabi
944 1289 992 1328 ad
1013 1289 1142 1341 turpia
1158 1301 1302 1330 mores.

278 1360 350 1400 Hei
375 1360 473 1399 mihi
492 1361 500 1399 1
523 1359 617 1412 quid
645 1360 842 1399 moreris?
862 1362 1011 1400 Tecum
1031 1360 1223 1401 moritura
1248 1374 1420 1415 propago

278 1431 458 1471 Nominis
479 1436 538 1471 est
558 1431 685 1471 nostri
704 1446 713 1481 3
733 1432 802 1471 sed
821 1436 865 1471 111
885 1432 957 1471 tibi
974 1432 1106 1472 debita
1126 1437 1266 1472 nactus

278 1503 367 1543 Alta
387 1508 497 1555 petes
517 1515 693 1543 convexa
715 1503 810 1556 poli.
832 1504 933 1552 Quid
953 1504 1069 1544 turba
1090 1509 1292 1557 superstes
1315 1507 1322 1544 l

277 1574 511 1614 Ludibrium
535 1575 686 1614 mundo
708 1576 942 1627 generisque
961 1575 1125 1616 infamia
1144 1576 1261 1628 primi

277 1648 437 1685 Tartara
463 1646 680 1698 conspiciet
701 1646 854 1686 meritis
880 1646 1117 1699 Stygiosque
1136 1659 1329 1688 recessus.

275 1719 327 1757 At
346 1717 514 1757 nimium
535 1729 702 1770 propero
724 1733 732 1757 ;
761 1718 875 1758 video
900 1730 970 1769 par
994 1718 1127 1758 nobile
1147 1723 1288 1758 natum

277 1791 405 1840 Atque
424 1794 592 1841 patrem,
613 1794 651 1829 61
670 1789 828 1841 gemino
853 1790 1043 1841 Capitolia
1064 1790 1152 1830 laeta
1172 1790 1391 1843 triumpho.

277 1862 425 1900 Laurea
449 1861 543 1900 bina
561 1861 676 1910 viret,
699 1861 843 1914 duplex
870 1873 1027 1914 quoque
1042 1874 1217 1914 purpura
1242 1877 1250 1901 ε
1276 1875 1414 1903 currus

277 1934 363 1973 Non
381 1933 517 1972 videor
538 1937 714 1984 spectare
737 1933 851 1984 duos,
873 1939 1058 1974 contenta
1080 1934 1150 1974 sed
1170 1946 1250 1974 uno

278 2007 309 2044 11
327 2005 471 2057 pietas3
490 2016 593 2045 nova
612 2017 675 2044 res
692 2005 895 2057 equidem,
917 2010 955 2046 61
974 2006 1208 2058 dignissima
1232 2006 1353 2047 fama.

276 2078 438 2116 Corruet
456 2076 520 2115 his
539 2076 705 2116 ducibus
730 2077 992 2130 jerosolyma,
1021 2079 1202 2130 victaque
1226 2077 1329 2119 ferro

278 2147 425 2200 Inclyta
444 2147 611 2200 relligio,
639 2154 677 2188 61
697 2148 836 2200 gladiis
856 2161 1114 2202 perrumpere
1134 2162 1243 2190 sacra

321 2304 396 2334 ⁹246.
418 2302 498 2334 Hinc
518 2313 575 2343 pro
596 2304 671 2341 hic;
692 2304 830 2344 fustibus
845 2314 903 2344 pro
922 2304 1058 2344 fascibus
1077 2306 1110 2336 in
1133 2314 1192 2336 ms.
1211 2307 1246 2336 E.

1467 1294 1544 1331 0260

321 2360 398 2390 260.
412 2358 542 2391 Prolabt‘
558 2359 709 2400 pulchros
723 2361 755 2391 in
771 2361 823 2391 ed.
840 2362 928 2399 Bas„
941 2361 1227 2404 pnlclzrosprolabz'
1242 2362 1273 2393 in
1289 2372 1348 2393 ms.
1360 2363 1394 2401 C,
1407 2364 1443 2400 D,
1457 2365 1492 2400 E,
1505 2365 1536 2394 F.

320 2416 395 2446 266.
417 2414 511 2446 Acin
532 2417 586 2447 ed.
605 2416 691 2454 Bas..
714 2421 745 2448 at
767 2417 798 2448 in
822 2426 883 2448 ms.
906 2418 943 2456 Α,
965 2418 1001 2455 Β,
1023 2419 1057 2449 F.

320 2473 397 2503 272.
415 2471 635 2514 Proerumpere
651 2473 683 2504 111
697 2475 749 2505 ed.
771 2474 858 2513 Bas„
871 2483 1079 2516 perrmnpere
1100 2475 1130 2506 in
1151 2475 1299 2507 omnibus
1317 2485 1377 2507 ms.
