1865 2959
800 198 844 204 -
869 179 914 215 (39
941 199 985 206 .-

262 263 472 307 »midine
504 276 606 306 sum
655 262 848 305 futurus.
886 262 971 306 Sed
1007 262 1225 320 quidquid
1261 263 1527 316 consulant,

261 360 281 381 »
308 354 436 399 spero
469 339 590 397 quod
628 340 775 384 vincet
822 340 1002 383 fortuna
1047 341 1293 398 Scipionis,
1344 344 1387 384 ct
1431 355 1531 397 quae

259 418 448 475 »ipsum
483 417 528 460 in
576 417 687 460 mari
736 417 912 460 hostilis
969 417 1123 468 classis
1164 418 1529 475 frequentissime

257 512 277 534 »
304 508 440 552 parvo
491 494 667 551 navigio
709 497 857 536 tutum
892 493 949 537 ad
987 493 1200 537 barbaros
1236 495 1350 539 fines
1388 496 1525 548 vexit,

256 590 276 612 »
307 571 591 630 hospitioque
608 571 730 615 vario
754 575 796 615 et
818 571 1013 629 ancipiti,
1041 575 1248 614 sanctum
1275 576 1318 615 et
1339 572 1527 616 inviola-

256 667 275 688 »
305 649 441 693 bilem
473 648 590 701 fecit,
628 648 837 706 hostique
862 651 999 692 Poeno
1028 652 1071 692 ct
1096 648 1330 693 Numidico
1354 644 1522 707 parem,

254 744 275 765 »
299 727 389 770 imo
434 726 711 783 superiorem
738 725 948 779 reddidit,
981 725 1068 769 hoc
1101 725 1294 783 denique
1318 740 1411 770 sua}r
1429 728 1525 784 glo-

253 822 274 843 »
304 803 381 847 rite
404 817 571 846 munus
606 803 796 861 adjiciet,
824 807 873 847 ut
899 803 1085 846 laudum
1112 816 1295 847 suarum
1321 803 1433 847 liber
1452 804 1527 848 ille

252 899 273 920 »
297 880 613 932 feracissimus,
655 880 840 924 insidias
868 881 1135 924 aemulorum
1158 881 1330 935 evadet,
1372 885 1415 925 et
1435 881 1523 924 cla-

252 976 272 998 »
294 959 396 1010 rior,
432 962 481 1001 ut
513 963 736 1016 optamus,
770 961 1022 1016 emerget...
1057 976 1078 998 »
1121 959 1180 1014 (xr
1213 959 1311 1003 Kal.
1338 959 1521 1002 11111.-

248 1049 494 1079 MCCCLXXYI
511 1037 540 1093 2²>
568 1035 629 1082 (1).

309 1114 445 1157 Totus
458 1114 552 1171 jam
570 1113 737 1157 abierat
758 1126 919 1166 annus,
945 1112 1140 1157 necdum
1170 1117 1373 1171 optatum
1406 1114 1524 1158 codi—

247 1205 345 1235 cem
364 1195 522 1234 nactus
544 1195 637 1235 erat
655 1190 869 1235 Collutius
886 1206 896 1242 ;
919 1190 1057 1234 alium
1075 1191 1242 1235 etenim
1261 1192 1524 1235 Patavinum

246 1269 405 1321 civem,
436 1269 670 1313 Albertum
699 1268 755 1312 de
776 1267 957 1320 Albizis,
993 1268 1215 1326 posterius
1242 1268 1485 1313 adhibebat
1509 1286 1518 1312 z

249 1365 269 1387 «
294 1347 512 1405 Scripsisti
531 1346 730 1398 tandem,
756 1360 844 1403 quo
860 1346 974 1388 1111111
996 1347 1219 1404 acceptius
1242 1347 1355 1391 meis
1382 1348 1522 1391 sensi—

247 1442 268 1464 »
292 1423 377 1467 bus
409 1423 506 1467 fieri
538 1427 701 1481 potest,
728 1426 785 1475 tc,
816 1427 866 1467 ut
892 1437 971 1481 per
991 1437 1152 1467 manus
1186 1437 1309 1468 meas
1328 1428 1371 1469 et
1401 1425 1521 1469 illius

248 1520 268 1541 »
298 1501 437 1545 divini
460 1515 643 1559 prorsus
664 1501 746 1545 viri
766 1501 1015 1545 Benvenuti
1036 1501 1125 1545 mci
1143 1501 1197 1545 de
1215 1502 1357 1546 lmola
1376 1502 1521 1546 Africa

246 1596 267 1619 »
293 1578 570 1623 celeberrimi
592 1578 736 1622 nostri
767 1578 1015 1622 Petrarcliae
1037 1579 1278 1637 singularis
1304 1579 1444 1633 labor,
1476 1584 1520 1624 et

245 1674 266 1696 »
289 1670 498 1714 auguror,
526 1656 753 1715 singulare
789 1656 1111 1715 perpetuandae
1133 1671 1228 1701 suae
1247 1657 1378 1701 fama}
1404 1672 1519 1716 prae-

244 1752 265 1774 »
289 1734 469 1786 sidium,
503 1734 772 1792 publicetur,
810 1733 1018 1778 obnixius
1054 1748 1307 1792 procurare,
1340 1735 1395 1778 de
1428 1750 1517 1794 quo

242 1811 370 1854 »tibi
415 1811 581 1855 solidas
620 1811 784 1869 gratias
827 1811 1000 1864 refero,
1047 1825 1196 1865 orans,
1255 1813 1512 1865 obsecrans,

247 1901 475 1933 »exorans
510 1893 553 1932 et
590 1889 839 1941 obtestans,
890 1892 1113 1946 quatenus
1150 1893 1239 1933 tam
1270 1890 1517 1934 honestum

243 1985 264 2007 »
294 1967 523 2025 inceptum
558 1979 735 2025 urgeas,
766 1980 849 2011 nec
880 1966 1135 2025 defatigeris
1168 1972 1218 2011 ut
1247 1968 1400 2026 patriae
1427 1972 1515 2012 tuae

243 2044 515 2102 »splendori
551 2045 661 2088 tanti
702 2045 847 2102 operis
887 2045 1042 2089 lumen
1077 2045 1271 2097 accedat,
1306 2050 1354 2089 ut
1384 2046 1514 2090 famae

242 2139 263 2161 »
290 2122 410 2165 illius
429 2122 624 2166 ccelestis
657 2123 889 2167 memoriae
907 2123 1005 2176 viri,
1027 2124 1154 2182 cujus
1177 2123 1375 2168 claritate
1406 2127 1513 2168 aetas

244 2217 262 2238 1>
287 2203 441 2242 nostra
463 2203 530 2243 est
545 2199 821 2244 admirabilis
840 2201 884 2244 in
902 2204 1107 2259 posteros
1125 2202 1380 2254 transitura,
1403 2216 1512 2245 con-

241 2294 262 2316 »
287 2277 472 2328 sulatur,
514 2281 558 2321 et
594 2277 706 2321 1111111
747 2278 832 2336 ipsi
884 2279 1079 2337 ingentis
1114 2279 1268 2338 gloriae
1321 2279 1512 2323 cumulis

282 2451 328 2491 (1)
349 2448 384 2483 C.
407 2448 550 2483 Salutate
564 2451 672 2493 epist„
689 2454 772 2493 part.
795 2459 833 2492 11,
853 2462 886 2493 p.
906 2454 960 2484 41.
