1865 2959
823 203 1031 238 -128—

285 287 418 328 Rebus
437 286 481 327 in
499 286 689 327 humanis
709 286 765 326 nil
785 286 939 327 dulcius
962 286 1164 339 experiere
1487 291 1564 329 515

286 358 451 399 Alterno
473 358 656 398 convictu
680 364 717 398 et
741 357 819 398 fido
839 364 998 411 pectore
1022 358 1154 398 amici.

286 432 357 470 Est
377 430 564 482 equidem
586 442 632 470 ex
658 430 797 470 multis
818 430 888 470 tibi
916 442 1024 470 nunc
1043 430 1272 471 carissimus
1299 444 1404 472 unus

285 501 452 552 Laelius3
477 502 607 542 arcani
630 502 681 542 sit
701 503 883 543 conscius
903 507 1021 555 atque
1044 502 1230 542 minister

287 573 353 613 llle
374 573 431 613 tui
452 587 460 623 3
484 579 593 626 regat
613 574 792 624 affectus,
813 580 1031 627 pectusque
1051 573 1300 626 profundum

287 647 431 686 Cernat
450 645 699 686 inaccessum
723 646 901 698 reliquis.
930 648 1023 686 Post
1043 651 1221 699 tempore
1243 647 1370 688 multo

290 719 430 758 Laelius
450 718 549 759 alter
569 719 657 769 erit,
679 719 816 760 domui
837 719 1021 771 'claroque
1040 719 1176 771 nepoti

288 793 410 831 Carus
435 795 473 831 et
491 791 637 831 eximio
659 792 806 844 pariter
824 793 1062 843 conjunctus
1087 803 1234 832 amore.

289 863 391 903 Hinc
413 862 508 903 olim
526 863 644 903 multi
665 864 871 913 errabunt,
897 876 1048 916 parque
1069 863 1258 904 omnibus
1279 875 1404 904 unum

289 934 430 974 Laelius
446 940 484 975 et
507 935 638 987 Scipio
655 935 922 975 celebrabitur
942 935 1048 975 inter
1069 936 1217 975 amicos

288 1007 395 1055 Quos
413 1007 504 1047 tulit
523 1012 701 1048 extrema
722 1008 890 1048 veniens
912 1007 959 1048 ab
980 1008 1131 1060 origine
1153 1008 1347 1058 mundus,
1493 1010 1569 1048 525

290 1082 389 1119 Cum
411 1079 489 1120 duo
509 1079 589 1119 sint
610 1080 720 1132 paria
745 1086 783 1120 et
803 1080 920 1132 longo
940 1080 1128 1120 distantia
1152 1085 1294 1120 tractu.

289 1151 452 1204 Suscipe
469 1156 512 1192 tu
532 1152 723 1204 primuni,
745 1164 833 1202 nec,
855 1153 909 1192 sis
930 1152 1021 1192 licet
1040 1152 1158 1202 altus,
1181 1152 1355 1192 amicum

290 1224 454 1276 Despice
475 1224 696 1276 plebeium,
719 1225 910 1278 quoniam
932 1225 980 1265 de
1000 1224 1115 1278 plebe
1140 1225 1303 1265 verendi

289 1297 504 1337 Surrexere
528 1296 620 1346 viri,
642 1308 742 1349 quos
762 1296 1028 1337 nobilioribus
1051 1309 1186 1349 {equos

290 1368 390 1408 Viva
410 1368 501 1408 tulit
527 1368 669 1419 virtus,
693 1369 933 1421 animusque
952 1369 1187 1422 parentibus
1212 1368 1357 1421 impar.
1380 1384 1398 1406 υ
1494 1371 1571 1408 530

347 1440 505 1480 Dixerat
523 1454 532 1490 3
552 1440 617 1480 ille
644 1445 778 1481 autem
803 1454 811 1479 :
839 1456 856 1477 «
876 1442 961 1481 Tua
979 1453 1050 1493 per
1068 1441 1234 1493 vestigia
1254 1452 1483 1493 quanquam

292 1514 513 1564 Ingressus,
536 1525 745 1566 nunquam
764 1513 892 1566 patrio
915 1526 1072 1554 memor
1093 1514 1178 1566 ipse
1200 1514 1331 1554 decori

291 1583 508 1635 Defuerim,
532 1589 670 1625 tamen
693 1586 924 1626 admonitus
944 1586 1171 1638 vigilantior
1190 1585 1255 1626 ibo

290 1658 374 1705 Quo
397 1669 478 1707 me,
502 1663 652 1708 sancte,
673 1670 806 1708 vocas,
829 1659 1009 1710 genitor3
1038 1659 1107 1699 sed
1131 1659 1258 1699 multa
1278 1663 1514 1699 monentem

288 1731 343 1769 Te
362 1728 490 1770 fatum
510 1730 680 1771 tacuisse
701 1742 855 1780 meum,
878 1736 991 1783 pater
1010 1732 1176 1784 optime,
1198 1731 1336 1771 miror.
1359 1746 1376 1767 »
1493 1733 1570 1771 535

290 1801 466 1842 Moestior
484 1802 550 1842 ille
570 1803 758 1855 equidem
780 1818 788 1842 :
819 1818 836 1841 «
856 1805 939 1844 Tua
959 1808 1012 1854 te,
1034 1804 1279 1854 dulcissime,
1300 1804 1428 1844 virtus

290 1876 442 1926 Aspera
468 1879 608 1915 cuncta
628 1875 708 1927 pati
729 1876 882 1926 doceat,
903 1876 1000 1928 quid
1020 1876 1099 1917 fata
1125 1881 1331 1918 reservent

292 1946 441 1987 Ultima
458 1947 643 1999 praeelaro
667 1948 783 1988 malis
799 1948 954 1989 nescire
974 1948 1114 1989 labori.

293 2019 491 2069 ingratam
511 2019 695 2072 patriam,
716 2020 823 2072 piget
849 2020 954 2061 heu!
985 2033 1146 2062 narrare
1166 2022 1385 2075 pudetque,

293 2090 507 2143 Experiare
523 2091 629 2142 licet,
653 2090 757 2132 facili
778 2097 990 2134 contentus
1009 2092 1115 2134 abito
1493 2096 1571 2135 540

1488 651 1511 688 Ut

1515 651 1565 689 ἓ

337 2260 412 2291 517.
436 2257 642 2293 Certissimus
662 2259 694 2292 in
711 2261 764 2292 ed.
782 2261 872 2298 Bas„
891 2261 1081 2293 carissimus
1101 2261 1133 2292 in
1153 2270 1213 2293 ms.
1232 2263 1269 2293 A.

339 2319 414 2348 532³.
437 2318 547 2350 Primo
566 2319 597 2349 in
616 2319 669 2350 ed.
692 2319 779 2356 Bas„
797 2319 906 2360 patrio
928 2318 959 2349 iu
981 2318 1134 2350 omnibus
1154 2328 1215 2350 ms.

338 2376 413 2405 533.
440 2374 632 2415 Viyitantms
649 2385 706 2415 pro
725 2375 912 2416 viqilantior
933 2375 964 2406 in
982 2385 1043 2407 nis.
1065 2377 1102 2407 A.

339 2433 415 2463 5320.
437 2431 617 2464 Moventem
636 2433 666 2463 in
685 2434 735 2464 ed.
756 2433 843 2470 Bas,
864 2435 1051 2464 monentem
1071 2433 1103 2464 in
1126 2443 1187 2464 ins·
1211 2435 1247 2471 Α,
1270 2434 1306 2471 B,
1328 2434 1362 2471 (ὲ,
1387 2435 1424 2471 D,
1447 2434 1477 2464 F.

339 2490 415 2520 535.
438 2488 575 2521 Factum
598 2489 628 2520 in
649 2491 700 2521 ed.
720 2490 807 2528 Bas„
827 2488 933 2530 fatum
952 2490 983 2521 in
1005 2499 1067 2522 ms.
1087 2491 1124 2530 Α,
1143 2490 1180 2528 Β,
1202 2491 1236 2527 Ε,
1260 2491 1292 2522 1³.
