1865 2959
804 223 849 230 —
875 205 943 239 ⁴153
973 223 1013 230 —

269 289 373 338 Quid
388 290 502 341 juvat
520 291 683 339 aggestu
700 287 878 339 lapidum
900 293 938 328 ot
957 287 1111 328 telluris
1130 288 1239 328 inani

266 361 439 400 Flectere
460 359 558 399 velle
579 362 680 398 Deos
696 360 715 398 ‘?
735 361 821 399 Non
846 360 875 399 si
899 360 1093 412 Tarpeius
1112 360 1152 398 in
1175 360 1277 399 imas

266 434 423 483 Sexque
447 431 510 471 alii
534 430 706 470 latebras
731 431 976 471 descendant
1000 431 1139 471 ordine
1164 431 1299 481 colles,

266 504 322 543 Ac
342 514 461 554 super
478 501 683 541 incumbat
705 501 835 553 gravis
856 501 1097 553 Apenninus
1119 507 1156 542 et
1176 504 1312 551 AEtna,

268 573 377 613 Finis
406 573 500 622 erit3
530 578 623 612 sunt
648 584 735 625 quae
759 573 872 613 vobis
899 574 1073 625 pretiosa
1097 574 1307 614 dehiscens

267 646 388 684 Fossa
408 644 520 696 petit,
544 645 678 696 paucis
699 645 841 696 plenus
862 650 1067 684 concurret
1086 645 1234 684 hiatus.

268 717 337 756 His
358 716 472 756 dictis
491 716 646 768 riguere
665 717 804 766 an'uni⁷
826 716 1030 768 pallorque
1048 728 1119 768 per
1140 728 1281 756 omnes

268 789 434 828 Moestus
455 793 551 828 erat.
575 788 687 828 Multi
707 800 884 839 gemmas
904 800 1128 840 aurumque
1148 788 1345 838 ferebant,

263 861 564 911 Argentumque
582 860 662 908 alii,
685 871 859 912 namque
879 859 964 899 haec
983 860 1148 899 meliora
1167 864 1362 912 putantur

266 933 371 971 Inter
388 930 593 982 inexperta
616 936 654 971 et
676 943 862 971 verorum
882 931 1020 983 ignara
1041 931 1241 971 bonorum

263 1004 388 1043 Corda
406 1003 633 1051 hominum,
654 1015 754 1054 quos
775 1015 875 1042 caeca
896 1003 991 1054 ligat
1012 1008 1169 1043 terrena
1186 1003 1325 1053 libido,

262 1075 457 1126 Nigraque
478 1075 654 1126 corporei
675 1087 774 1127 quos
795 1075 960 1127 carceris
985 1081 1149 1126 occupat
1170 1075 1328 1115 umbra.

264 1148 375 1187 Unus
395 1147 447 1186 ibi
469 1152 561 1186 ante
581 1147 677 1187 alios
692 1149 890 1199 Juvenum
911 1146 1155 1186 fortissimus
1176 1147 1254 1187 alte

263 1218 467 1259 Exclamat
490 1233 497 1257 :
520 1220 614 1268 Quae
633 1224 743 1259 tanta
764 1219 909 1258 animis
931 1219 1090 1271 ignavia
1110 1219 1254 1259 crenis?

263 1290 364 1330 Vilia
384 1303 454 1343 pro
473 1291 602 1340 claris,
626 1302 696 1343 pro
718 1290 875 1342 maguis
900 1302 1021 1342 parva
1039 1290 1202 1329 tulistis.

264 1363 325 1403 Nil
350 1374 448 1414 opus
476 1368 533 1402 est
558 1374 668 1410 auro,
696 1361 811 1402 foedis
837 1362 943 1414 quod
968 1367 1072 1401 terra
1098 1361 1277 1401 cavernis

264 1435 436 1484 Evomit‚
459 1439 526 1474 unt
544 1433 656 1474 lectis
677 1433 782 1473 inter
803 1434 959 1473 deserta
978 1432 1135 1485 lapillis.

263 1508 397 1546 Unum
418 1517 487 1557 ego
508 1517 579 1544 vos
599 1517 742 1545 moneo
767 1519 774 1544 :
799 1505 914 1545 nobis
935 1505 1081 1544 virtute
1103 1504 1165 1543 vel
1186 1505 1309 1543 armis

260 1577 321 1617 Nil
343 1577 485 1617 melius
503 1577 690 1617 tribuisse
710 1579 835 1626 Deos;
862 1577 947 1616 haec
968 1588 1127 1616 summa
1146 1576 1337 1628 profecto,

261 1650 351 1688 Hzec
374 1661 468 1688 vere
494 1650 675 1689 Romana
699 1648 819 1691 bona,
849 1654 886 1688 et
911 1649 942 1687 si
970 1660 1128 1687 sumina
1153 1654 1382 1700 reposcunt,

262 1723 382 1761 Arma
403 1721 614 1772 virumque
637 1720 752 1760 dabo.
768 1721 910 1761 Dicens
931 1720 1030 1770 haec,
1054 1720 1208 1760 lumina
1229 1720 1326 1760 coelo

263 1793 412 1842 Erexit,
432 1792 709 1845 templumque
731 1793 841 1832 Jovis
863 1793 968 1845 quod
989 1792 1175 1844 praesidet
1196 1793 1273 1832 arci

1470 435 1548 472 500

265 1864 509 1916 Suspiciens,
523 1864 773 1917 tendensque
785 1876 928 1904 manus
941 1876 1101 1904 sursum
1115 1868 1231 1917 atque
1245 1865 1447 1910 deorsum,
1462 1866 1540 1904 580

249 1936 394 1986 ‘Atque
415 1946 555 1975 omnes
576 1947 820 1988 superosque
840 1939 942 1976 Deos
964 1937 1178 1988 Manesque
1197 1941 1379 1988 precatus

264 2006 325 2046 Ad
344 2019 444 2059 quos
464 2007 668 2059 tendebat,
692 2008 866 2048 validum
889 2008 1107 2049 calcaribus
1127 2008 1230 2048 ultro

306 2192 382 2223 561.
404 2191 444 2224 A!
464 2192 496 2224 in
513 2193 565 2224 ed.
587 2193 676 2232 Bas„
699 2202 736 2224 ac
758 2193 792 2225 in
816 2193 969 2226 omnibus
990 2203 1052 2225 ms.

305 2250 380 2280 568.
405 2247 486 2289 Quot
506 2249 538 2280 in
557 2250 610 2280 ed.
630 2251 716 2289 Bes„
738 2259 816 2291 quos
839 2250 873 2282 iu
894 2251 1045 2283 omnibus
1067 2260 1144 2289 ms.;
1167 2251 1283 2293 cupido
1313 2252 1345 2283 in
1373 2253 1425 2282 ed.
1451 2252 1539 2287 Bas„

260 2305 357 2337 libido
379 2305 409 2336 iu
432 2315 491 2336 ms.
514 2307 551 2337 A.

307 2365 384 2392 569.
406 2361 488 2402 Quot
507 2363 539 2393 in
561 2363 612 2394 ed.
636 2364 722 2400 Bas,
744 2372 821 2404 quos
836 2363 867 2394 in
888 2364 1040 2395 omnihus
1063 2374 1124 2395 ms.

308 2419 382 2449 571.
406 2417 489 2450 Coecz'
509 2419 540 2450 in
562 2421 614 2450 ed.
636 2420 724 2456 Bas„
744 2420 835 2451 eoecis
856 2420 888 2450 iu
910 2429 970 2451 ms.
995 2423 1032 2451 Α.

309 2476 383 2505 572.
408 2474 523 2509 Charis
543 2476 575 2507 in
597 2477 649 2507 ed.
672 2477 761 2514 Bas„
787 2477 883 2508 claris
904 2477 936 2509 in
955 2487 1015 2508 ms.
1039 2479 1075 2510 A.
