1865 2959
791 229 928 264 —267
962 249 1004 255 -

261 314 372 363 Quod
392 313 550 366 potitis:
573 324 653 352 neu
672 312 839 364 polliciti
861 317 977 364 puter
996 311 1162 362 inscius,
1185 311 1328 363 ingens

257 387 402 425 Munus
420 384 544 424 habes
563 395 716 436 pacem,
738 384 930 436 quoniam
947 382 1108 423 fortuna
1130 395 1290 423 reversa
1309 388 1383 423 est.

260 458 400 496 Vestra
422 456 561 504 vides;
587 455 619 494 si
642 455 739 495 dum
761 455 870 495 Latio
892 460 961 494 tua
980 454 1086 494 fama
1104 455 1268 495 tonabat

259 529 511 579 Tempestate
530 526 637 578 gravi
658 526 868 575 bellorum,
894 525 1029 565 mitior
1047 526 1174 566 hostis
1459 529 1538 568 430

260 600 445 649 Optasses
469 598 607 637 eadem
633 597 830 649 precibus,
858 601 952 636 tuno
979 596 1079 637 forte
1104 598 1322 649 superbum

261 672 349 710 Non
369 674 555 721 praestare
575 668 649 708 fuit
672 683 681 718 ;
702 681 810 708 nunc
834 680 923 708 cun]
945 681 1067 721 prope
1091 669 1216 709 victus
1237 675 1275 709 et
1296 671 1404 710 onmi

264 741 407 781 Pulsus
426 741 474 780 ab
495 740 620 786 Italia,
644 746 908 793 metuensque
930 745 967 780 et
989 740 1089 780 velle
1112 741 1300 781 subactus

260 815 398 852 Pacem
419 824 521 861 ores,
551 817 705 864 poterat
722 817 827 852 recta
848 824 939 852 cuin
967 812 1096 852 fronte
1118 813 1268 864 negari,

258 885 307 923 Et
324 889 460 924 tamen
484 889 527 924 ut
547 884 723 924 mundus
743 884 875 924 videat
900 896 981 923 non
1001 896 1141 935 aspera
1163 884 1279 923 nobis
1458 886 1536 924 4355

259 956 455 1007 Dejecisse
475 956 645 1004 animos,
668 968 750 995 non
768 955 906 995 tollere
926 968 1116 1008 prospera
1136 956 1252 1006 bella,

258 1030 481 1067 Fortunave
500 1039 613 1079 pares
632 1027 792 1067 habitus
815 1027 1032 1067 consistere
1051 1028 1093 1067 in
1115 1028 1240 1077 omni,

259 1099 553 1151 posteritasque
578 1104 690 1138 notet
712 1111 792 1138 non
821 1111 895 1138 nos
924 1098 1134 1138 dulcedine
1159 1099 1303 1151 praedoe

260 1169 411 1220 Proelia,
437 1182 518 1209 non
541 1170 656 1219 odiis,
682 1171 750 1210 sed
771 1171 879 1222 pacis
898 1181 1032 1210 amore
1054 1182 1230 1219 movere,

260 1244 339 1281 Pax
360 1241 533 1290 dabitur,
556 1240 676 1281 fuerit
697 1242 811 1281 vobis
832 1242 863 1281 si
885 1254 986 1294 pura
1005 1241 1206 1282 voluntas.
1464 1244 1541 1281 440

259 1314 337 1353 Sed
360 1313 456 1365 quid
482 1325 582 1353 vana
607 1312 763 1353 refers?
794 1316 875 1353 Hac
901 1319 960 1353 est
984 1314 1176 1365 Hispania
1200 1314 1338 1354 dextra

260 1386 299 1426 Si
323 1385 452 1425 nescis
477 1385 685 1437 multoque
707 1386 807 1425 mihi
826 1388 910 1437 jam
935 1390 1048 1438 parta
1071 1397 1224 1425 cruore.

260 1459 407 1497 Caetera
426 1462 564 1497 nostra
579 1457 714 1506 vides;
739 1458 859 1497 stulta
881 1462 939 1497 est
959 1458 1151 1509 jactantia
1171 1457 1302 1498 dantis

259 1529 372 1578 Quod
391 1529 562 1569 retinere
583 1529 747 1581 uequit3
774 1530 821 1569 (le
842 1534 978 1569 nostro
1000 1542 1169 1570 munera
1192 1529 1324 1581 fingis.

260 1600 431 1640 Proinde
457 1599 563 1640 aliud
584 1601 667 1652 paci
691 1601 897 1653 pactisque
926 1601 1125 1653 prioribus
1141 1601 1244 1641 ultro
1462 1603 1539 1640 445

259 1671 396 1723 Adjice
416 1671 447 1711 si
477 1671 575 1723 quid
602 1671 740 1712 habes.
764 1673 878 1721 Quod
910 1672 941 1711 si
965 1672 1085 1712 nimis
1109 1672 1177 1711 illa
1195 1672 1383 1712 videntur

260 1744 494 1794 Importuna
512 1743 672 1793 animis,
696 1743 847 1795 gladios
875 1749 994 1796 atque
1026 1755 1136 1783 arma
1156 1748 1291 1796 parate

260 1814 452 1854 Indociles
478 1815 647 1854 tolerare
678 1820 812 1867 togam
834 1827 1052 1867 paceinque
1084 1815 1231 1867 perosi.
1258 1831 1274 1852 »

313 1886 487 1936 Dixerat,
516 1891 553 1926 et
575 1887 745 1927 tremula
773 1888 957 1928 tellurem
978 1887 1149 1940 percutit
1172 1887 1300 1927 hasta.

307 2099 381 2128 427.
405 2097 503 2129 PuIes
523 2097 554 2128 in
576 2099 626 2129 ed.
650 2099 740 2135 Bas.,
759 2101 854 2139 puter
874 2099 907 2129 in
928 2098 1079 2129 omnibus
1096 2106 1158 2129 ms.

307 2156 382 2185 431.
407 2153 535 2196 Optasse
557 2154 587 2185 in
609 2156 662 2186 ed.
680 2156 767 2193 Bas„
784 2158 923 2197 optasses
942 2156 975 2186 iu
996 2165 1056 2187 ms.
1076 2158 1114 2193 A,
1133 2156 1170 2193 E,
1192 2157 1226 2187 F.
1251 2155 1308 2187 Hic
1321 2165 1436 2187 versus
1450 2156 1545 2187 deest

262 2212 294 2243 in
318 2221 378 2242 ms.
402 2212 437 2248 Β,
459 2213 493 2248 C,
517 2213 552 2242 D.

307 2270 384 2300 432.
405 2267 516 2301 Omnis
535 2269 567 2300 in
591 2270 642 2300 ed.
667 2270 754 2306 Bas„
773 2270 863 2301 omni
878 2269 909 2300 in
930 2270 1080 2301 omuibus
1096 2280 1157 2301 ms.

306 2326 382 2356 433.
406 2324 495 2356 Bello
514 2325 545 2356 in
566 2326 603 2356 ed
625 2326 713 2361 Bas..
735 2326 814 2358 velle
833 2326 863 2357 in
887 2327 1037 2358 omnibus
1059 2337 1118 2358 ms.

307 2382 382 2411 437.
407 2380 593 2413 Forlunane
614 2381 645 2412 in
669 2383 721 2413 ed.
746 2383 834 2420 Bas„
855 2383 1026 2423 fortunave
1050 2384 1082 2414 in
1105 2384 1255 2416 omnibus
1274 2394 1333 2416 ms.

307 2439 382 2468 440.
401 2437 527 2479 Simplct
546 2448 602 2478 pro
619 2448 703 2480 pura
729 2439 759 2469 iu
780 2449 839 2470 ms.
861 2440 896 2476 Β,
919 2442 954 2476 C,
977 2441 1014 2471 D.

307 2495 382 2524 429.
408 2494 550 2526 Perculit
567 2504 624 2535 pro
642 2497 783 2536 perculit
805 2497 836 2527 in
858 2506 919 2527 ms.
942 2498 976 2528 E.
