1865 2959
848 230 1054 265 -183-

313 313 494 366 Juppiter
514 313 654 353 arctari
675 313 808 364 cupiat
825 325 895 369 per
913 313 1056 353 saecula
1070 325 1191 354 nexu.

314 386 414 425 Hinc
431 385 537 425 leves
560 384 766 436 longaeque
788 395 947 434 manus,
970 389 1194 437 teretesque
1215 386 1373 438 sequaci

314 456 461 496 Ordine
480 460 574 495 sunt
594 456 720 508 digiti,
740 456 1028 508 propriumque
1047 456 1145 496 ebur
1165 457 1354 509 exprimit
1375 469 1543 510 ungues.

313 529 415 567 Tum
436 527 604 567 laterum
631 539 807 567 convexa
827 527 982 577 decent,
1007 532 1045 568 et
1059 528 1254 580 quidquid
1277 528 1327 567 ad
1350 527 1452 568 imos
1535 531 1586 568 55

310 597 577 639 Membrorum
595 599 697 650 J'aoet
715 610 842 650 usque
857 598 996 650 pedeS,
1018 597 1188 650 illosque
1211 599 1365 638 moveri

311 669 464 710 Mortali
484 669 532 709 de
551 681 661 710 more
679 682 823 722 neges3
848 669 903 709 sic
923 674 1028 709 terra
1048 670 1232 709 modeste

311 741 517 793 Tangitur,
539 745 583 780 ut
606 745 753 780 tenerae
774 744 938 792 pereant
958 740 1124 792 vestigia
1141 740 1306 792 plantae,

312 811 548 852 AEthereum
569 823 639 851 ceu
654 817 785 851 servet
804 811 894 851 iter.
919 811 982 851 Sic
1003 811 1111 851 nube
1128 823 1291 852 corusca

311 883 448 924 Obsita
461 883 767 936 magnanimum
786 884 923 922 Venus
945 887 1005 922 est
1029 882 1146 922 aflata
1165 884 1407 934 Tonantem,
1535 887 1586 924 60

309 955 519 1007 Naufragio
538 954 621 994 nati
647 966 719 994 seu
739 959 869 994 morte
890 953 1064 1006 impulsa
1082 953 1241 1005 nepotis

312 1026 442 1067 Dulcis
461 1039 578 1079 opem
604 1037 763 1078 sperare
790 1025 929 1078 patris,
953 1025 1052 1065 dum
1073 1027 1192 1078 Troja
1217 1037 1289 1078 per
1308 1026 1451 1076 undas,

310 1102 415 1139 Dum
436 1098 693 1138 subterraneo
717 1097 882 1137 tremuit
908 1098 974 1149 pia
998 1098 1125 1137 Roma
1144 1097 1337 1137 tumultu.

310 1171 390 1209 Hac
414 1170 534 1222 igitur
554 1169 681 1210 forma
700 1169 800 1209 nulli
821 1181 982 1209 cessura
1005 1171 1180 1209 Dearum

309 1242 486 1282 Occurrit
504 1241 643 1294 Juveni
665 1241 825 1291 mulier,
847 1252 921 1280 nec
941 1240 1072 1280 cultus
1096 1240 1139 1280 in
1159 1240 1225 1280 illa
1535 1242 1586 1280 65

310 1313 476 1364 Segnior
495 1312 646 1365 effigie3
670 1313 792 1353 variis
817 1324 912 1352 nam
936 1324 1114 1365 purpura
1132 1312 1303 1364 gemmis

309 1386 526 1424 intertexta
545 1384 642 1436 tegit
659 1384 805 1436 reginae
824 1388 984 1436 pectora
1002 1387 1171 1432 moestae,

308 1458 356 1495 Et
376 1455 488 1495 dolor
507 1455 593 1507 ipse
611 1455 723 1494 decet
744 1454 948 1504 miseram,
974 1466 1046 1494 nec
1064 1458 1223 1506 compta
1242 1453 1396 1505 placere

308 1529 503 1579 Tempore
523 1526 626 1567 felici
646 1532 799 1579 poterat
819 1527 962 1579 magis.
990 1527 1097 1567 Ilicet
1117 1538 1209 1578 ergo

308 1598 464 1638 Vulnus
486 1598 743 1638 inardescens
763 1598 857 1638 totis
882 1610 1013 1639 errare
1032 1598 1222 1638 medullis
1536 1600 1587 1637 70

308 1672 502 1722 Coeperat,
527 1668 664 1709 aestivo
688 1669 832 1721 glacies
852 1681 924 1709 ceu
948 1669 1056 1709 lenta
1081 1669 1154 1709 sub
1176 1674 1291 1719 aestu,

308 1744 404 1782 Cera
422 1741 484 1781 vel
504 1741 659 1780 ardenti
679 1740 804 1781 facilis
825 1741 955 1781 vicina
975 1741 1132 1781 camino

306 1813 500 1866 Liquitur.
523 1812 591 1852 Ille
608 1816 727 1851 tuens
746 1812 900 1864 captiva
919 1818 1058 1865 captus
1077 1813 1125 1852 ab
1144 1811 1275 1862 hoste,

308 1886 498 1938 Victaque
517 1885 709 1925 victorem
728 1884 858 1936 potuit
882 1884 1086 1924 domuisse
1107 1884 1341 1936 superbum.

307 1956 411 2004 Quid
430 1967 512 1996 non
535 1954 682 2007 frangit
702 1957 839 1996 amor?
861 1956 957 2004 Quis
976 1955 1159 1996 fulminis
1180 1956 1355 2008 impetus
1373 1956 1429 1995 illi
1533 1957 1584 1995 75

307 2028 572 2080 AEquandus?
591 2029 762 2079 Jamque
785 2027 852 2066 illa
874 2028 998 2079 gradu
1019 2031 1206 2080 provecta
1225 2027 1416 2067 trementi

307 2099 377 2137 Est
400 2097 524 2138 affusa
543 2098 656 2138 ducis
673 2099 858 2150 genibus,
887 2111 1006 2151 quem
1034 2098 1169 2139 vultus
1189 2103 1228 2138 et
1248 2110 1358 2138 arma

353 2275 408 2304 55.
435 2272 520 2304 Tunc
541 2273 572 2303 in
590 2274 643 2304 ed.
667 2274 756 2310 Bas„
775 2277 843 2304 tum
862 2275 895 2304 in
912 2275 1065 2305 omnibus
1082 2283 1142 2304 ms.

352 2330 405 2360 68.
425 2329 564 2361 Docet...
587 2333 703 2369 cuncta
724 2329 755 2360 in
776 2330 827 2360 ed.
850 2330 939 2367 Bas,
966 2329 1098 2361 decet...
1118 2333 1245 2371 compta
1273 2329 1307 2360 in
1328 2329 1481 2361 omnibus
1504 2338 1582 2367 ms.;

307 2387 441 2417 miseras
459 2396 514 2425 pro
534 2387 687 2417 miseram
708 2385 740 2417 in
761 2395 824 2417 ms.
842 2387 878 2423 E,
900 2387 935 2417 F.

353 2443 407 2473 73.
428 2441 600 2483 Linquitur
619 2442 650 2473 in
671 2444 723 2474 ed.
746 2443 833 2480 Bas„
853 2443 991 2483 liquitur
1007 2442 1039 2473 in
1058 2451 1119 2473 ms.
1142 2442 1178 2480 B,
1195 2442 1230 2481 C,
1250 2443 1289 2480 D,
1313 2443 1347 2480 E,
1370 2442 1405 2473 F.

351 2500 405 2531 76.
427 2499 576 2540 Profecto
597 2499 629 2530 in
649 2500 703 2531 ed.
725 2500 814 2537 Bas„
832 2503 985 2541 provecta
1004 2492 1041 2530 in
1057 2499 1211 2530 omnibus
1232 2508 1292 2530 ms.
