1865 2959
856 285 898 291 —
926 265 996 300 334
1023 284 1066 292 —

315 349 419 387 Tum
441 347 612 388 volucris
631 359 701 401 per
720 348 871 401 templa
893 361 1015 401 vagos
1037 355 1225 402 argentea
1245 352 1412 404 paulum

315 420 487 471 Occupat
508 420 671 460 incursu
697 420 903 461 Gallorum
925 427 963 462 et
983 434 1079 463 voce
1099 434 1258 464 canora.

316 492 777 545 Procedunt‚1'ortesqiie
803 494 910 534 viros
933 487 1152 548 habituque
1173 497 1371 537 verendas

315 565 531 615 Matronas,
557 565 790 618 amplasque
812 566 968 613 domos,
991 567 1191 620 variisque
1211 575 1394 621 gravatos

318 635 519 675 Bellorum
542 637 696 677 exuviis
719 649 848 687 arcus,
873 643 911 678 et
932 638 1069 679 crebra
1087 639 1269 681 videntes
1524 646 1603 685 900

318 707 437 759 Signa
462 708 762 761 triumphorum
789 709 995 762 solidoque
1020 710 1062 749 in
1088 722 1287 752 marmore
1312 726 1468 766 pugnas
1485 747 1495 765 ,

317 782 449 831 Atque
474 781 749 833 sepulcrorum
771 794 953 834 pompas.
981 784 1256 824 Monstramur
1276 797 1469 838 aquarum

319 851 401 891 Sul)
426 857 531 892 terra
550 853 730 906 coeloque
754 854 842 894 viae.
865 855 954 894 Jam
979 854 1080 894 valle
1098 855 1286 896 Suhurrae

318 925 538 965 Caesaream
559 924 695 965 videre
715 925 881 966 domum
907 926 969 966 cui
993 939 1152 967 sumnia
1172 933 1349 980 potestas

317 996 472 1046 Debita,
495 997 556 1037 cui
577 1009 712 1038 rerum
733 998 934 1051 princeps.
959 999 1061 1039 Hinc
1075 999 1178 1039 valle
1198 1000 1333 1041 relicta
1525 1005 1604 1043 905

316 1069 514 1121 Esquilias
532 1069 626 1110 fessi
647 1071 879 1124 dictumque
900 1084 920 1111 a
943 1072 1096 1113 vimine
1113 1073 1275 1124 collem,

317 1141 413 1181 Inde
434 1141 679 1190 Quirinalem
701 1148 886 1195 superato
900 1144 1049 1184 vertice
1069 1150 1251 1186 montem

316 1214 592 1265 Transierant,
620 1215 812 1268 nudoque
835 1216 935 1256 duos
953 1217 1111 1257 adstare
1132 1217 1310 1270 gigantes

317 1287 489 1337 Corpore
511 1287 779 1339 conspiciunt.
806 1289 867 1328 En
889 1293 987 1340 quot
1008 1290 1229 1329 certamina
1252 1289 1368 1330 famae

318 1357 526 1397 Praxitelis
547 1370 646 1410 opus
666 1359 898 1412 Phidiaeque
917 1360 1075 1412 insigne
1096 1361 1274 1414 supremi
1526 1364 1604 1402 910

318 1429 564 1481 Scipiadum,
587 1430 652 1471 hic
673 1431 766 1472 latis
787 1432 942 1472 excelsa
965 1432 1111 1485 palatia
1131 1434 1259 1473 muris

317 1503 447 1553 Atque
468 1514 577 1542 arces
597 1508 798 1544 tremuere
816 1503 920 1544 feras
943 1510 981 1545 et
1002 1505 1159 1557 cognita
1179 1505 1284 1545 hello

318 1573 439 1624 Signa
459 1573 580 1613 nimis
599 1574 749 1627 Libyae,
770 1587 1001 1628 nomenque
1022 1589 1228 1630 genusque
1248 1577 1481 1630 superbum.

321 1645 419 1684 Hine
438 1645 535 1685 lawa
554 1646 700 1686 flexere
722 1647 844 1687 viam.
868 1647 1065 1688 Flaminia
1081 1650 1166 1700 jam
1185 1653 1283 1689 tunc

318 1718 434 1757 Porta
457 1718 674 1758 vocabat-ur
691 1731 780 1771 qua),
806 1721 983 1760 Tuscum
1001 1720 1163 1773 respicit
1185 1721 1339 1761 orbem.
1525 1724 1602 1761 915

317 1789 483 1829 Martius
503 1801 547 1830 ac
567 1791 734 1830 reduces
754 1792 884 1832 vicino
907 1791 1075 1832 flumine
1095 1804 1260 1845 campus

317 1861 486 1914 Excipit,
508 1862 572 1903 hic
591 1863 710 1915 longo
730 1864 946 1904 traducens
965 1865 1104 1905 ordine
1120 1877 1256 1905 rerum

319 1933 508 1974 Planities
529 1934 615 1975 sine
635 1934 715 1975 fine
732 1940 855 1987 patet.
883 1936 978 1985 Quis
996 1936 1172 1977 fascibus
1193 1937 1282 1977 altis

319 2004 479 2045 Primus
503 2005 648 2055 honos,
670 2019 847 2059 quonam
868 2013 1008 2060 pectus
1027 2008 1211 2050 matrona
1231 2009 1425 2062 pudicum

363 2203 439 2233 900.
461 2202 604 2235 Eximiis
622 2204 654 2235 in
676 2206 727 2236 ed.
744 2205 833 2244 Bas,
855 2207 980 2240 emaviis
1000 2207 1032 2239 in
1052 2209 1203 2242 omnihus
1217 2220 1280 2242 ms.

362 2260 440 2290 906.
461 2259 589 2291 Dimum
608 2261 646 2292 de
663 2261 696 2292 in
718 2263 770 2293 ed.
794 2263 882 2301 Bas„
902 2264 1089 2306 dictumque
1109 2276 1128 2298 a
1149 2267 1182 2298 in
1199 2276 1261 2299 ms.
1285 2268 1322 2306 Α,
1345 2268 1380 2306 Β,
1401 2267 1434 2305 C,
1454 2269 1491 2306 D,
1513 2269 1546 2299 F.

362 2317 437 2347 908.
456 2316 566 2349 Nudos
585 2318 618 2349 in
640 2320 691 2349 cd.
711 2320 799 2358 Bas.,
824 2321 910 2352 mulo
928 2322 962 2353 in
983 2323 1135 2354 omuibus
1154 2333 1216 2354 nis.

361 2375 438 2405 909.
458 2373 645 2408 Certamine
664 2376 697 2407 in
713 2377 765 2408 ed.
785 2377 874 2415 Bas„
897 2381 1078 2411 cerlamina
1101 2381 1132 2412 in
1152 2381 1304 2413 omnibus
1326 2391 1386 2413 ms.

362 2432 438 2462 914.
459 2431 543 2463 Laus
563 2433 593 2463 iu
615 2435 666 2464 ed.
684 2435 771 2473 Bas„
791 2435 866 2466 latis
888 2436 921 2466 iu
944 2437 1095 2468 omnibus
1117 2447 1177 2469 ms.

360 2490 438 2520 914.
462 2488 630 2522 Flammea
649 2490 682 2522 in
703 2493 755 2522 ed.
780 2492 867 2531 Bas„
889 2492 1055 2525 Flaminia
1076 2495 1108 2526 in
1132 2505 1192 2526 ms.
1215 2497 1253 2533 Α,
1274 2497 1308 2534 Β,
1327 2498 1361 2535 (2,
1381 2497 1417 2533 Ι),
1440 2497 1473 2527 F.

365 2546 440 2576 915.
463 2546 587 2589 Recipit
605 2547 637 2578 in
656 2549 710 2580 ed.
733 2549 822 2587 Bas.,
841 2551 969 2591 respicit
991 2551 1023 2582 in
1044 2552 1196 2584 omnibus
1215 2562 1275 2584 ms.
