1865 2959
813 246 857 253 —
884 227 953 263 ¹182
979 246 1023 253 -—-

278 313 384 355 Colla
407 325 541 365 super,
562 316 666 351 recto
686 323 773 364 quae
789 312 939 352 sensim
956 311 1082 351 lactea
1104 316 1232 351 tractu

278 385 519 438 Surgebant‚
540 384 811 436 humerosque
833 383 952 436 agiles
970 382 1095 423 effusa
1113 382 1289 435 regebat.

276 459 389 498 Tunc
410 457 504 497 olim
527 455 741 496 substricta
761 467 857 495 auro
882 454 1099 495 certamine
1118 454 1264 494 blando
1509 457 1559 495 30

278 531 326 571 Et
345 529 512 582 placidis
532 528 704 581 implexa
729 528 861 568 modis
877 527 932 567 sio
953 527 1122 567 eandida
1143 526 1272 566 dulcis

279 605 379 644 Cum
397 602 542 643 croceis
557 601 751 654 jungebat
769 600 915 649 honos,
934 599 1140 652 mixtoque
1161 598 1280 639 colori

281 676 411 715 Aurea
427 673 635 714 candentis
666 672 883 713 cessissent
906 671 1064 711 vascula
1086 671 1214 720 lactis,

281 745 553 798 Nixquejiigis
572 745 682 785 radio
705 744 800 784 solis
824 747 1037 795 conspecta
1057 741 1202 782 sereni.

282 818 452 858 Lumina
469 817 565 870 quid
584 816 753 856 referam
775 814 973 867 praeclarae
994 813 1154 853 subdita
1174 812 1294 853 fronti
1511 815 1562 853 35

281 889 478 930 Invidiam
498 894 655 928 motura
674 887 779 936 Deis,
804 886 939 926 divina
958 886 1063 938 quod
1084 885 1161 925 illis

281 962 351 1001 Vis
373 962 516 1012 inerat,
539 960 782 1012 radiansque
804 958 921 998 decor
942 956 1012 1010 qui
1031 962 1190 1009 pectora
1206 961 1340 1009 posset

284 1033 458 1074 Flectere
480 1045 557 1086 quo
580 1032 713 1081 vellet,
735 1035 972 1082 mentesque
998 1028 1152 1069 auferre
1176 1028 1341 1078 tuendo,

285 1108 409 1158 Inque
433 1105 680 1145 Medusaeuin
699 1102 917 1155 praecordia
938 1106 1091 1141 vertere
1116 1112 1307 1141 marmor.

285 1176 416 1218 Africa
433 1189 483 1217 ne
503 1175 695 1217 monstris
714 1174 907 1215 caruisset
926 1178 1030 1213 terra
1050 1172 1252 1221 secundis,
1515 1175 1566 1212 40

286 1250 377 1289 Hzec
397 1249 558 1301 planctu
577 1246 743 1288 confusa
763 1258 868 1286 novo
895 1246 1015 1286 niodo
1037 1245 1151 1285 dulce
1173 1244 1354 1284 nitebant

286 1320 448 1362 Dulcius
472 1333 516 1361 ac
537 1320 652 1360 solito
671 1333 679 1358 :
703 1330 773 1359 ceu
789 1330 880 1358 cuin
903 1318 981 1357 duo
998 1317 1282 1369 luminajuxta

287 1393 514 1435 Scintillant
532 1393 680 1445 pariter
699 1391 860 1432 madido
882 1390 1057 1431 rorantia
1078 1389 1174 1430 coelo

288 1465 420 1506 Imber
442 1464 508 1505 ubi
526 1470 752 1505 nocturnus
773 1463 869 1504 abit.
893 1462 1105 1504 Geminata
1128 1473 1300 1513 superne

288 1538 448 1578 Leniter
466 1537 570 1577 aerei
586 1537 737 1589 species
756 1535 974 1576 inflectitur
993 1545 1121 1574 arcus.
1518 1534 1569 1572 45

287 1610 465 1651 Candida
482 1608 693 1662 purpureis
713 1608 926 1648 imitantur
943 1606 1108 1647 floribus
1129 1605 1244 1645 almae

289 1682 386 1722 Lilia
399 1682 526 1721 mixta
545 1693 670 1733 genae,
689 1681 815 1720 roseis
834 1672 1068 1731 tectumque
1093 1677 1249 1718 labellis

288 1753 481 1806 Splendet
502 1753 600 1793 ebur
621 1753 722 1793 serie
744 1752 858 1798 mira,
888 1757 976 1791 tum
997 1756 1138 1803 peetus
1166 1754 1348 1801 apertum

289 1828 393 1866 Lene
415 1831 578 1865 tumens
598 1824 827 1876 blandoque
850 1823 1014 1863 trahens
1039 1821 1211 1874 suspiria
1226 1820 1344 1873 pulsu

290 1900 390 1939 Cum
417 1898 563 1950 quibus
580 1896 811 1936 instabilem
830 1895 962 1948 potuit
981 1893 1182 1947 pepulisse
1205 1892 1402 1945 precando
1521 1894 1572 1931 50

291 1970 407 2011 Unde
424 1970 565 2022 nequit
590 1980 777 2009 revocare
798 1968 945 2017 virum,
966 1972 1054 2007 tuin
1074 1965 1234 2005 brachia
1255 1963 1361 2016 quali

339 2123 392 2154 33.
416 2120 577 2155 Οοηᾶεηεῐ
597 2121 630 2152 in
650 2121 703 2151 ed.
726 2120 816 2158 Bas„
837 2118 1006 2151 candentis
1023 2117 1057 2149 in
1079 2125 1141 2148 [ηε.
1167 2116 1203 2147 Α.

338 2181 392 2211 37.
417 2179 475 2213 Vix
495 2179 526 2210 iu
545 2179 598 2210 ed.
622 2178 710 2214 Bas..
733 2178 778 2209 vis
801 2176 834 2208 in
856 2177 1011 2208 omnibus
1031 2184 1093 2206 ms.

339 2238 392 2268 38.
416 2235 499 2269 Velit
519 2238 708 2276 montesque
726 2233 757 2265 in
780 2234 833 2265 ed.
853 2234 944 2271 Bas,
963 2233 1059 2264 vellet
1080 2234 1264 2271 mentesque
1282 2229 1314 2260 in
1332 2229 1487 2260 omnibus
1510 2237 1572 2259 ms.

338 2295 393 2325 ⁸1.
415 2292 480 2325 Hoc
497 2292 530 2324 in
548 2292 603 2324 ed.
619 2293 710 2327 Bas..
732 2291 798 2323 haec
820 2290 852 2321 in
871 2290 1024 2321 omnibus
1043 2298 1103 2319 ms.

339 2352 393 2382 42.
414 2350 520 2383 Mixto
541 2349 574 2380 in
596 2349 648 2380 ed.
672 2348 878 2388 Bas.‚juaeta
900 2347 932 2378 iu
955 2346 1107 2377 omnibus
1134 2353 1197 2376 ms.

339 2408 394 2438 45.
413 2406 540 2439 Leviter
557 2406 588 2437 in
610 2407 660 2437 ed.
686 2406 774 2443 Bas„
795 2405 913 2436 leniter
932 2404 964 2434 in
986 2402 1141 2434 omnibus
1167 2410 1228 2432 ms.

340 2466 394 2495 48.
421 2464 508 2496 Tunc
528 2463 560 2496 in
580 2464 632 2495 ed.
656 2464 742 2500 Bas„
766 2466 835 2494 tum
850 2463 880 2493 iu
901 2461 1056 2493 omnibus
1078 2468 1140 2490 τηε.

340 2523 393 2554 49.
417 2520 495 2554 Leve
514 2521 548 2553 in
569 2522 621 2552 ed.
645 2521 733 2558 Bais„
749 2520 820 2552 lene
841 2519 872 2550 in
893 2518 1046 2551 omnibus
1067 2526 1123 2548 ins.
