1865 2959
739 227 922 262 ...53-

199 328 255 358 ne
275 312 441 370 aliquid
471 311 622 354 damni
648 324 740 355 suae¹
759 311 911 369 gloriae
932 311 1123 355 afferret.
1155 311 1321 355 Elatius
1348 325 1467 355 sem-

198 405 275 449 per
302 389 524 448 prosperis
555 388 688 432 rebus
713 401 760 432 se
786 392 1000 446 gesserat.
1029 389 1209 432 Famam
1229 392 1272 432 et
1293 387 1466 432 ardenti

197 467 344 512 studio
367 466 600 511 l‘etrarclia
620 466 972 524 persequebatur
988 481 999 518 ;
1019 479 1106 522 qua
1124 466 1187 508 nil
1209 465 1463 524 optabilius,

197 545 258 588 nil
289 544 478 595 dulcius,
514 543 703 586 Africani
728 542 883 594 instar,
911 542 1109 601 profecto
1131 546 1174 586 et
1192 543 1286 600 ipse
1311 556 1466 588 cense-

196 622 285 673 bat,
308 625 357 664 ut
375 623 562 665 testatur
582 619 810 677 quoddam
834 621 929 678 ejus
952 620 1123 678 vulgari
1143 633 1351 664 sermone
1367 633 1466 664 ean-

197 700 349 751 ticum,
377 698 607 754 multaque
633 697 718 740 alia
744 697 840 741 loca
868 697 1035 755 passim
1064 698 1109 740 in
1136 697 1345 756 operibus
1372 699 1468 756 ejus

195 776 408 834 dispersa.
431 775 560 819 Tullii
576 775 741 818 librum
757 778 814 818 De
835 777 995 828 Gloria,
1019 778 1125 819 tunc
1143 775 1197 819 ab
1217 776 1293 819 illo
1312 790 1464 834 reper-

196 857 291 897 tum
326 856 569 911 posteaque
599 866 753 896 rursus
792 852 1012 897 abolitum
1046 853 1225 897 assidue
1257 853 1426 912 legerat
1453 871 1464 907 3

195 944 331 989 seque
361 930 417 974 ad
449 930 676 989 fastigium
703 930 887 974 honoris
932 930 1189 975 ascendisse
1222 931 1317 990 ipse
1347 934 1468 976 ratus

195 1012 277 1060 est,
309 1022 450 1066 quum
475 1021 553 1066 per
580 1008 696 1051 hanc
716 1008 836 1051 viam
867 1008 1174 1066 Capitolinam,
1211 1022 1298 1066 qua
1326 1009 1467 1067 Scipio

193 1085 421 1144 quondam
439 1088 731 1143 precesserat,
752 1086 846 1143 ipse
863 1085 1147 1143 triumphans
1162 1086 1366 1130 invectus
1382 1089 1464 1130 est.

253 1164 348 1207 Alia
379 1164 513 1207 etiam
543 1163 598 1207 de
627 1163 832 1207 Africano
864 1163 1135 1215 referuntur,
1167 1177 1266 1221 quae
1298 1165 1466 1208 Petrar-

193 1242 324 1286 cham
338 1240 618 1285 delectabant
633 1257 643 1293 ;
658 1241 817 1285 litteris
832 1241 953 1285 enim
968 1241 1121 1299 utique
1135 1240 1470 1299 deditus,prout

194 1319 426 1363 hominem
444 1318 702 1362 liberalibus
719 1318 888 1362 artibus
906 1332 931 1362 a
949 1318 1138 1376 pueritia
1155 1318 1380 1362 imbutum
1395 1318 1468 1363 de-

193 1396 334 1447 cebat,
347 1399 581 1454 poetarum
596 1396 889 1441 contubernio
912 1396 1159 1448 laetabatur,
1183 1397 1336 1454 eisque
1355 1410 1468 1441 sem-

193 1487 335 1532 perse
355 1473 621 1516 munificum
638 1474 880 1531 praebebat.
904 1475 1008 1519 Sese
1027 1477 1265 1532 postquam
1286 1475 1469 1519 tandem

192 1565 217 1595 a
239 1551 438 1595 tumultu
459 1550 563 1595 belli
585 1554 629 1595 et
655 1554 774 1595 coetu
808 1551 1046 1595 hominum
1073 1552 1190 1595 ultro
1221 1556 1465 1610 receperat,

193 1642 338 1686 neque
374 1631 526 1672 tamen
559 1628 723 1673 civium
755 1643 940 1672 suorum
979 1629 1171 1682 oblitus,
1207 1643 1354 1687 neque
1382 1629 1469 1673 illis

192 1706 539 1758 obliviscendus,
559 1706 605 1749 in
622 1707 871 1750 Liternensi
889 1706 1009 1758 villa,
1033 1711 1243 1764 tanquam
1258 1707 1303 1750 in
1318 1710 1465 1764 portu,

192 1784 374 1828 ultimos
389 1797 532 1827 annos
550 1788 824 1842 transegerat
843 1800 854 1836 ;
874 1784 1065 1842 ideoque
1082 1798 1107 1828 a
1122 1784 1355 1829 Petrarcha
1371 1784 1467 1828 lau-

192 1862 344 1915 datus,
369 1862 445 1919 qui
464 1863 560 1920 ipse
582 1863 628 1905 in
650 1863 773 1907 Valle
795 1862 971 1915 Clausa,
993 1863 1174 1921 juvenis
1196 1862 1464 1916 admodum,

191 1939 421 1984 solitudini
442 1939 646 1994 vacabat,
668 1942 833 1998 quique
851 1954 989 1985 senex
1008 1954 1146 1999 prope
1166 1940 1468 1985 Mediolanum

190 2017 311 2062 idem
342 2017 510 2070 villam,
547 2017 623 2061 ubi
656 2017 895 2076 aliquando
930 2018 1168 2070 habitavit,
1205 2018 1467 2062 Linternum

190 2094 450 2138 nominabat
473 2110 480 2138 :
503 2094 576 2138 hic
604 2098 648 2139 et
673 2095 762 2138 illic
788 2095 1046 2139 Africanum
1079 2095 1278 2139 imitatus
1295 2131 1305 2147 ,
1331 2109 1467 2153 quem

191 2171 374 2215 solitum
405 2171 550 2216 dicere
583 2173 706 2216 aiunt
736 2186 969 2230 nunquam
1000 2187 1048 2217 se
1078 2173 1228 2216 minus
1272 2173 1468 2217 otiosum

190 2262 303 2301 esse,
321 2262 456 2306 quam
472 2264 613 2307 quum
640 2249 825 2302 otiosus,
856 2263 937 2294 nec
964 2250 1115 2294 minus
1144 2250 1308 2303 solum,
1333 2263 1468 2308 quam

191 2340 332 2384 quum
357 2327 479 2371 solus
500 2331 634 2373 esset.

255 2404 505 2463 Scipionem
536 2406 671 2463 igitur
701 2405 1019 2458 admirabatur,
1053 2406 1238 2450 eximias
1258 2405 1466 2451 videlicet

190 2482 377 2526 virtutes
416 2496 593 2527 summo
631 2484 810 2543 ingenio
847 2485 1118 2542 J'ungentem
1138 2499 1149 2537 ;
1179 2497 1314 2542 quem
1351 2483 1467 2528 inter
