1865 2959
818 207 863 213 -
889 188 954 223 191
987 206 1028 212 -

290 272 364 310 Per
387 274 551 310 cunctos
569 269 766 322 promissa
787 271 905 316 Deos,
927 269 976 310 de
996 269 1113 309 corde
1130 280 1320 320 pavorem

289 344 485 384 Funditus
505 343 754 395 expulerant.
774 345 939 395 Semper
958 341 1187 382 tremefacta
1206 340 1433 393 sepulcrum
1487 342 1565 380 260

287 418 391 457 Ante
411 417 544 457 oculos
568 421 819 468 mortemque
839 416 944 465 tulit,
965 427 1039 455 nec
1061 415 1216 454 somnia
1234 415 1368 454 ltetum

287 489 528 528 Portendere
549 488 698 540 aliquid
717 502 724 527 z
751 487 836 528 visa
855 493 915 528 est
936 487 1012 527 sibi
1033 487 1180 539 quippe
1203 487 1376 527 secundo

285 564 411 614 Rapta
434 562 518 602 viro
547 562 694 602 sentire
712 561 843 601 minas
865 566 902 601 et
919 560 1052 613 jurgia
1070 560 1213 612 primi3

284 637 333 674 Et
350 634 514 674 tremuit
535 634 676 686 sopita,
699 634 789 674 licet
807 634 904 673 dum
925 633 1071 674 vertice
1093 632 1244 672 montis

283 704 390 743 Aerii
408 705 591 745 traducta
619 705 762 745 sedens
784 705 961 757 subjecta
978 703 1140 743 videbat
1486 705 1564 743 265

284 778 419 829 Regna
439 777 512 817 sibi
534 778 782 831 populosque
803 790 938 830 vagos,
961 782 1271 828 monstrumque
1302 780 1464 827 repente

283 850 538 890 Concurrisse
559 851 681 890 alium
701 850 842 902 majori
864 862 1026 902 corpore
1048 854 1255 898 montem;

281 924 385 962 Tum
406 934 497 962 vero
519 923 734 963 tremuisse
751 925 909 975 jugum,
933 922 995 962 eui
1019 922 1114 961 nixa
1135 921 1298 961 sedebat
1317 936 1326 970 3

283 995 542 1047 Impulsuque
562 995 671 1048 gravi
692 995 842 1047 gelidos
861 995 909 1034 de
934 994 1079 1034 vertice
1106 998 1265 1034 montes

281 1069 542 1109 Descendisse
565 1069 687 1118 duos;
711 1073 973 1121 montemque
993 1068 1137 1108 abiisse
1162 1068 1360 1107 minorem
1482 1070 1560 1108 270

281 1143 377 1182 Inde
398 1147 528 1192 retro;
556 1148 617 1183 ast
640 1143 750 1183 illam
767 1143 905 1194 rapido
930 1154 1001 1194 per
1019 1142 1154 1182 inania
1170 1141 1285 1193 lapsu

278 1217 442 1254 Tartara
465 1215 577 1267 nigra
599 1215 763 1267 quidem
789 1220 826 1254 et
843 1214 1023 1267 Stygiam
1042 1215 1220 1267 tetigisse
1246 1214 1447 1267 paludem.

285 1286 446 1327 Publica
464 1286 657 1326 finitimas
680 1287 811 1327 subito
831 1286 1050 1339 perlabitur
1069 1287 1190 1328 urbes

281 1361 400 1399 Fama
425 1359 564 1411 gradu,
588 1359 701 1398 viette
717 1359 908 1399 victorem
931 1365 1072 1411 sponte
1092 1366 1273 1401 secutum

280 1431 486 1483 Conjtigia‚
511 1436 549 1471 et
567 1431 670 1471 bello
696 1432 939 1471 indomitum
960 1432 1107 1472 servire
1126 1433 1282 1484 puellae.
1483 1437 1560 1474 275

279 1503 431 1555 Vulgus
455 1503 640 1543 adulterii
662 1503 843 1555 signabat
862 1504 1026 1544 nomine
1046 1503 1210 1555 factum,

278 1577 391 1624 Quod
410 1588 541 1628 neque
558 1576 747 1628 legitimis
767 1576 958 1616 arsissent
979 1577 1139 1629 ignibus
1156 1578 1262 1619 inter

277 1650 494 1689 Armorum
514 1648 702 1701 strepitus
718 1660 728 1697 3
750 1648 906 1700 alioque
928 1649 1141 1700 superstite
1160 1662 1251 1703 rege

277 1723 469 1774 Conjuge‚
493 1721 658 1773 captivae
679 1720 817 1760 victori
837 1719 966 1760 forma
985 1722 1092 1773 quod
1111 1734 1192 1762 uno

276 1794 371 1834 Visa
391 1794 469 1843 die,
494 1799 532 1834 et
552 1794 696 1834 dilecta
714 1793 841 1845 prius,
869 1792 1080 1846 subitoque
1099 1800 1258 1847 recepta
1481 1799 1560 1838 0280

277 1867 441 1907 Foedere
459 1879 541 1907 non
561 1867 667 1907 inter
685 1865 835 1918 patrios
857 1878 905 1906 ex
926 1878 1037 1907 more
1058 1869 1226 1908 Penates

275 1938 430 1980 Judioio
449 1938 614 1991 nequid,
639 1937 708 1977 sed
733 1942 875 1977 cuneta
891 1937 1058 1978 libidine
1080 1950 1197 1980 sanas

277 2011 553 2063 praecipitante
572 2022 706 2050 moras
723 2010 866 2051 fierent
889 2024 897 2049 ε
924 2010 978 2050 sic
997 2011 1132 2052 omnia
1151 2013 1295 2065 vulgus

279 2085 323 2122 In
347 2083 461 2135 pejus
481 2087 667 2134 torquere
687 2081 848 2134 loquax.
868 2084 960 2122 Jam
978 2083 1153 2124 crebrior
1176 2096 1292 2125 aures

323 2281 399 2311 263.
420 2278 528 2322 Nupta
547 2289 604 2321 pro
624 2283 718 2321 rapta
738 2279 770 2311 in
791 2289 852 2312 ms.
874 2281 910 2319 B,
933 2281 967 2319 C,
988 2282 1025 2312 D.

321 2337 396 2367 269.
422 2335 539 2369 Fontes
559 2336 591 2367 in
613 2338 668 2368 ed.
688 2337 775 2374 Bas,
794 2339 919 2369 montes
938 2338 971 2369 in
990 2347 1052 2370 ms.
1071 2340 1107 2376 Λ,
1128 2339 1162 2377 Β,
1182 2340 1215 2377 C,
1238 2339 1273 2370 D.

322 2393 397 2423 272.
421 2392 457 2423 ln
478 2402 538 2423 ms.
555 2395 575 2423 Α
592 2402 690 2434 super
705 2394 849 2435 tetiqisse
867 2394 991 2436 legitur
1002 2395 1145 2437 petiisse,
1164 2395 1197 2426 in
1216 2405 1277 2428 ms.
1297 2396 1332 2427 E.
1352 2400 1550 2437 penetrasse.

321 2450 396 2479 282.
419 2447 537 2489 Nequit
558 2449 592 2480 in
611 2450 663 2480 ed.
684 2450 773 2487 Bas,
793 2451 913 2491 nequid
930 2451 961 2482 in
981 2461 1044 2495 mss
1065 2451 1102 2489 Α,
1124 2452 1160 2490 Β,
1179 2453 1214 2490 C,
1232 2453 1269 2483 D.
