1865 2959
851 186 1058 221 —120—

318 267 473 307 Audeat
493 273 560 307 aut
578 267 698 308 rebus
718 269 839 309 tantis
861 269 1062 322 praefigere
1080 273 1261 312 metam?

318 339 387 379 Vis
407 339 576 392 loquar?
593 339 635 380 in
656 339 779 381 finem
800 342 984 394 quamvis
1005 344 1230 395 quassanda
1254 344 1382 385 ruinis

318 412 450 460 Vivet,
478 416 516 451 et
537 417 762 453 extremum
782 414 915 455 veniet
935 420 1003 454 tua
1025 417 1149 456 Roma
1173 416 1246 456 sub
1271 429 1401 457 aevum
1518 421 1594 458 325

318 486 417 524 Cum
439 485 591 524 mundo
611 485 786 537 peritura
806 498 893 527 suo.
915 502 932 524 »
960 487 1024 527 Sic
1042 486 1162 538 fatus,
1184 488 1232 528 ab
1253 489 1332 529 alto

321 558 479 596 Pectore
500 556 722 609 suspirans,
742 558 879 608 tacuit,
901 558 1119 611 dextraque
1142 565 1374 613 sequentem

319 630 393 668 Per
407 628 581 668 nitidum
599 629 786 670 conducit
804 630 894 670 iter.
914 632 1003 671 Jam
1028 643 1154 683 prona
1166 633 1344 673 cadentis

319 700 531 741 Calcabant
546 712 723 742 convexa
742 702 836 754 poli,
860 702 1127 755 gradibusque
1149 715 1335 756 suprema

319 772 570 825 Linquebant
590 773 744 813 levibus
763 785 772 813 :
796 774 864 826 qui
882 773 1034 815 lumine
1055 780 1166 827 terga
1183 775 1318 817 feriret
1519 781 1596 819 330

319 843 473 884 Lucifer
497 844 600 884 altus
624 850 722 896 erat,
745 849 881 885 tamen
898 858 979 886 una
1005 852 1088 887 erat
1110 847 1251 887 umbra
1265 848 1453 898 duorum,

319 916 573 968 Atlantisque
587 928 709 957 ruens
730 917 778 957 de
802 918 948 958 vertice
967 918 1083 970 plena
1103 920 1318 972 propinqui

319 988 491 1040 Cynthia
511 989 711 1041 conspecti
733 989 967 1042 splendebat
987 991 1161 1043 imagine
1181 990 1328 1033 fratris.

320 1060 393 1100 Hic
414 1060 560 1100 iteruin
576 1061 733 1113 genitor
753 1074 862 1102 sacro
885 1064 1112 1103 veneranda
1130 1064 1292 1104 resolvit

320 1135 396 1173 Ora
421 1144 541 1183 son03
565 1133 674 1174 stetit
695 1133 842 1174 eximia
867 1134 1077 1175 dulcedine
1098 1136 1276 1176 mundus
1518 1140 1595 1178 335

320 1207 481 1257 (leptim,
504 1210 542 1246 et
561 1210 730 1246 {eternos
749 1211 968 1246 tenuerunt
987 1212 1093 1247 astra
1112 1213 1282 1249 meatus,

379 1291 397 1313 «
417 1279 515 1317 Nate
535 1277 693 1329 prioris,
719 1277 787 1326 ait,
809 1277 988 1318 solamen
1012 1285 1050 1318 et
1071 1279 1222 1331 optima
1241 1280 1331 1320 vitae

321 1352 415 1389 Pars
435 1349 549 1400 mihi,
573 1350 640 1402 qui
667 1349 757 1390 laeto
779 1350 960 1390 cumulas
986 1363 1096 1391 nunc
1116 1352 1257 1403 gaudia
1273 1352 1385 1399 coelo,

320 1422 514 1474 Quodque
536 1434 605 1474 ego
627 1434 710 1462 non
729 1423 845 1463 rebar
865 1422 976 1472 sacis,
999 1428 1042 1463 ut
1064 1424 1279 1476 spectando
1301 1425 1443 1465 beatus

321 1495 527 1534 Mortalem
554 1494 654 1533 mibi
674 1506 738 1534 me
756 1495 892 1535 videar
915 1494 1066 1536 felicior
1083 1496 1167 1548 ipso
1188 1528 1196 1543 ,
1521 1500 1599 1537 340

320 1569 406 1606 Huc
424 1578 539 1606 aures
557 1567 722 1607 intende
745 1567 843 1619 pias,
867 1573 903 1607 et
931 1573 1089 1620 pectora
1109 1568 1190 1608 veri

322 1638 441 1678 Plena
465 1637 589 1688 refer3
613 1651 725 1679 mora
751 1639 1047 1690 nostrubrevis,
1068 1652 1243 1692 namque
1265 1640 1400 1679 invida
1420 1641 1546 1680 noctis

322 1710 470 1750 Umbra
490 1711 600 1760 abiit,
625 1711 869 1763 pelagusque
889 1712 1114 1764 operitjani
1129 1711 1318 1751 fluctibus
1342 1717 1460 1752 astra.

320 1783 463 1822 Omnia
484 1788 576 1822 natu
596 1783 760 1835 quidem
781 1789 947 1836 pereunt
972 1789 1010 1823 et
1031 1783 1166 1823 adulta
1185 1783 1376 1823 fatiscunt
1400 1798 1408 1822 ε

321 1857 399 1894 Nec
420 1861 555 1895 manet
573 1855 615 1894 in
636 1855 755 1895 rebus
770 1856 987 1908 quidquam
1011 1856 1262 1904 mortalibus,
1287 1856 1393 1895 undo
1522 1859 1598 1895 345

323 1926 390 1965 Vir
409 1927 558 1967 etenim
578 1939 736 1980 sperare
756 1933 903 1979 potest,
924 1927 1163 1980 populusve,
1181 1927 1285 1979 quod
1307 1927 1410 1967 alma

368 2079 442 2108 324.
467 2077 608 2110 [ruinosa
628 2078 755 2110 dierum
778 2078 809 2109 iu
829 2079 882 2110 ed.
904 2078 994 2117 Bas„
1023 2078 1204 2119 quassanda
1227 2079 1333 2109 ruinis
1358 2078 1391 2109 111
1417 2087 1477 2108 ms.
1502 2079 1536 2117 B,
1564 2079 1598 2115 C,

322 2136 360 2173 D,
383 2135 432 2172 E„
454 2138 543 2166 certe
562 2144 580 2166 e
601 2144 662 2167 ms.
679 2136 716 2174 Α,
739 2135 794 2167 ubi
813 2145 852 2167 ea
873 2145 931 2167 vox
960 2135 1090 2167 cuidam
1110 2135 1166 2166 alii
1187 2145 1273 2167 nuuc
1293 2138 1464 2176 expunctae
1485 2145 1600 2176 super-

322 2192 440 2232 scripta
460 2195 521 2223 est.

367 2251 443 2281 334.
467 2250 500 2280 ln
522 2259 579 2281 ms.
605 2251 640 2289 B,
664 2251 696 2286 C,
719 2252 756 2288 D,
778 2251 868 2282 deest
885 2260 943 2282 vox
962 2251 1103 2292 ymnum,
1124 2251 1179 2281 sed
1201 2250 1233 2281 in
1256 2259 1316 2281 ms,
1334 2250 1355 2280 B
1377 2254 1408 2282 et
1429 2251 1465 2288 Ι),
1484 2259 1600 2282 manus

323 2307 479 2348 posterior
496 2306 628 2347 scripsit
647 2308 807 2339 recinens.

367 2366 442 2396 3111.
465 2364 528 2396 llas
549 2374 604 2405 pro
625 2365 738 2396 hucin
758 2374 819 2396 ms.
844 2365 880 2403 Β,
902 2366 935 2401 C,
964 2366 1000 2395 D.

369 2423 444 2452 341.
467 2421 642 2454 Senesennt
663 2431 721 2462 pro
741 2421 896 2462 fatiscunt
918 2422 949 2452 111
971 2431 1030 2452 nis.
1051 2423 1086 2452 E.

370 2480 444 2511 346.
473 2479 526 2510 Vir
545 2479 714 2520 quisquam
737 2488 793 2519 pro
814 2478 861 2510 vir
880 2479 998 2511 etenim
1020 2478 1051 2509 in
1072 2488 1130 2509 ius.
1155 2479 1190 2509 E.
