1865 2959
759 195 943 231 ..47-

218 298 239 320 »
262 293 492 338 nequeo...
522 279 638 323 Libri
670 278 933 322 medullitus
957 277 1195 331 delectant,
1220 278 1484 335 colloquun-

218 375 239 397 »
264 361 351 409 tur,
384 357 642 409 consulunt,
673 360 717 401 et
751 356 853 400 viva
873 355 1066 413 quadam
1099 355 1229 399 nobis
1261 359 1394 413 atque
1416 368 1486 398 ar-

219 452 239 474 »
263 438 369 494 guta
396 433 961 491 familiaritateJ'unguntur
980 431 1041 479 (l).
1077 450 1098 472 »
1134 433 1238 483 Quae
1260 446 1401 490 quum
1428 432 1487 475 ita

215 512 376 564 forent,
413 512 459 555 in
493 512 589 570 ejus
615 510 949 562 bibliothecam,
997 510 1121 554 velut
1149 510 1195 553 in
1222 509 1487 554 inviolatum

216 589 473 640 sacrarium,
513 601 764 632 convenere
786 591 883 631 tum
907 587 1130 639 Horatius,
1151 587 1286 636 Maro,
1321 587 1485 630 Teren-

217 666 319 719 tius,
351 665 551 713 Ovidius,
575 669 672 709 tum
695 665 880 717 Plinius,
910 664 1074 715 Cicero,
1097 664 1279 715 Gellius,
1304 664 1484 715 Seneca,

216 744 478 787 Macrobius.
511 742 737 794 Quosdam
771 743 905 787 etiam
933 742 1067 793 alios,
1109 755 1230 784 nunc
1269 741 1484 791 sublatos,

214 822 383 880 legerat
425 825 501 865 aut
549 821 709 865 saltem
740 820 928 865 viderat.
980 821 1112 863 Manu
1144 820 1321 878 propria
1359 819 1487 862 Tullii

213 899 440 957 epistolas,
463 913 562 956 qua}
583 899 622 943 ei
645 902 808 957 praesto
838 901 981 949 erant,
1014 897 1368 954 transcripserat,
1395 902 1489 940 tan-

213 982 348 1034 toque
379 976 536 1020 ardore
570 976 753 1033 Virgilio
793 975 1043 1024 studuerat,
1075 978 1125 1017 ut
1156 974 1211 1017 ab
1244 974 1487 1017 Innocente

211 1068 324 1112 papa
361 1058 404 1098 et
426 1053 702 1112 presbyteris
721 1051 992 1110 quibusdam
1019 1050 1318 1094 cardinalibus
1351 1050 1487 1108 magi-

212 1145 365 1174 carum
382 1132 545 1174 artium
569 1130 723 1174 artifex
745 1129 890 1173 dictus
918 1129 1051 1172 fuerit
1070 1129 1137 1174 (⁶2).
1162 1128 1329 1178 Quibus
1347 1127 1486 1171 fultus

211 1209 403 1259 auxiliis,
458 1207 751 1265 profitebatur
790 1220 889 1251 sese
933 1207 1224 1264 praesentium
1265 1206 1484 1249 malorum

213 1285 425 1337 oblitum,
470 1285 645 1328 szcculis
687 1284 959 1327 felicioribus
991 1284 1257 1334 immisceri;
1300 1296 1348 1326 ac
1390 1297 1488 1340 pos-

212 1367 372 1416 tremo,
393 1363 518 1420 quasi
542 1362 626 1405 diis
646 1362 761 1405 bene
776 1361 1056 1420 juvantibus,
1080 1362 1126 1404 in
1148 1360 1296 1404 studio
1315 1361 1487 1403 amicis-

212 1442 431 1484 simorum
463 1440 679 1483 librorum
709 1440 799 1483 vita
836 1438 1011 1490 defecit,
1044 1439 1187 1495 iisque
1220 1437 1486 1481 recumbens

212 1519 391 1563 dulcem
407 1519 604 1562 animam
622 1517 862 1562 exhalarit.

269 1597 410 1646 Quare
453 1600 659 1654 togatus,
697 1599 745 1638 ut
793 1595 853 1638 ita
883 1594 1054 1646 dicam,
1107 1598 1312 1638 veterum
1354 1607 1485 1651 opera

210 1674 599 1732 perscrutabatur,
638 1677 682 1717 et
706 1677 755 1717 ut
785 1686 861 1717 eos
893 1687 983 1717 non
1015 1672 1164 1716 solum
1192 1672 1480 1730 percallerct,

210 1752 288 1796 sed
318 1753 451 1795 etiam
493 1752 758 1804 imitaretur,
793 1751 975 1794 assidue
1004 1750 1263 1799 laborabat;
1294 1749 1485 1806 ideoque

209 1830 362 1874 videas
383 1831 594 1888 primum,
634 1829 771 1873 modo
800 1830 855 1872 M.
894 1829 1024 1872 Tullii
1050 1827 1249 1886 vestigiis
1271 1827 1484 1870 insisten-

212 1913 317 1960 tem,
340 1921 481 1965 quum
502 1907 800 1965 philosophiae
818 1910 1032 1950 tractatus
1054 1910 1129 1949 aut
1156 1905 1395 1948 familiares
1418 1905 1486 1947 lit-

209 1990 326 2030 teras
369 1985 712 2043 diligentissime
746 1985 1077 2036 conscriberet,
1115 1983 1251 2027 modo
1292 1983 1485 2026 Liviana}

209 2063 330 2107 laudi
385 2062 669 2114 aemulatum,
731 2077 871 2119 quum
912 2062 1077 2105 librum
1126 2061 1413 2104 historiarum
1461 2073 1485 2101 a

208 2155 312 2200 rege
332 2142 520 2185 Romulo
542 2142 587 2184 in
611 2142 759 2184 Titum
775 2143 1007 2192 Caesarem,
1033 2158 1054 2179 «
1080 2154 1192 2197 opus
1209 2139 1483 2182 immensum

206 2223 250 2263 et
283 2218 447 2262 laboris
490 2219 848 2277 capacissimum,
898 2236 918 2257 »
960 2216 1305 2275 aggrederetur;
1348 2214 1482 2258 modo

248 2413 294 2454 (1)
315 2410 405 2444 Fam.
431 2419 480 2449 111,
508 2414 558 2443 18.

247 2469 295 2512 (ἐξ)
313 2469 414 2503 Seniz.
441 2478 460 2505 ι,
486 2471 513 2500 1³.
