1865 2959
771 264 816 271 -
840 246 903 280 :321
935 264 978 271 --

243 326 441 366 Liberiore
458 325 522 366 via
541 338 662 378 seque
681 331 719 366 et
740 338 811 366 sua
829 327 942 378 signa
966 326 1153 367 ferentes.

243 399 329 437 Non
354 397 442 437 illos
459 409 673 449 praecessor
690 397 797 437 iners
816 398 1114 450 reparandaque
1131 398 1234 438 ferro

244 469 439 520 Segnities
463 468 587 509 fessos
606 470 648 508 in
671 468 793 508 finem
811 469 972 520 pertulit
992 469 1111 518 anni3
1434 472 1510 510 590

244 541 330 579 Non
349 539 496 592 collega
511 539 586 579 fuit
622 540 745 580 cladis
761 540 996 580 temerarius
1016 545 1152 579 auctor

246 610 392 650 Invitas
411 611 570 663 rapiens
590 610 631 650 in
658 616 793 662 aperta
812 610 985 663 pericula
1004 615 1183 660 turmas3

243 684 331 722 Non
356 681 593 722 successoris
614 682 749 722 nocuit
768 687 898 722 metus
919 681 997 722 alta
1020 682 1198 722 moventi

242 751 452 804 Gloriaque
479 752 520 792 in
537 764 711 805 praeceps
732 752 823 793 tulit
847 758 886 793 et
905 752 1073 793 celerare
1098 753 1238 805 coegit.

242 825 320 863 Neo
337 823 437 863 mihi
458 835 565 864 nunc
582 824 794 876 quisquam
818 823 962 864 referat
985 824 1033 865 de
1051 824 1216 864 nomine
1240 824 1350 865 litem
1434 828 1510 865 595

241 894 425 944 Virtutis,
451 895 644 947 vanisque
665 895 775 935 illam
798 897 980 948 seJungat
1004 895 1052 935 ab
1078 895 1248 946 umbris,

240 967 320 1006 Aut
348 971 510 1006 externa
531 966 606 1006 sibi
627 979 697 1006 ceu
716 978 799 1006 non
821 978 891 1007 sua
911 967 1075 1019 praemia
1094 967 1221 1007 tollat.

241 1037 412 1088 Credite,
432 1042 665 1078 cunctarum
685 1038 800 1090 longe
819 1038 1081 1079 blandissima
1099 1051 1235 1079 rerum
1255 1044 1314 1080 est

242 1108 387 1159 Gloria,
409 1121 482 1149 nec
504 1109 658 1149 levibus
682 1109 854 1149 stimulis
873 1110 952 1162 agit
971 1109 1106 1160 insita,
1127 1109 1249 1151 fortes

242 1180 507 1233 Egregiosque
532 1180 718 1221 homines
738 1192 1008 1234 generosaque
1028 1186 1187 1234 pectora
1206 1182 1351 1234 pulsat.
1436 1185 1513 1223 600

242 1252 336 1299 Quae
360 1252 423 1292 cui
444 1252 497 1292 sit
516 1252 700 1301 dubium,
727 1252 824 1304 quin
846 1252 1114 1293 sollicitudine
1131 1253 1292 1305 dempta

242 1325 324 1363 Hoc
343 1323 442 1363 duce
465 1323 657 1375 Carthago
678 1323 797 1364 fuerit
819 1335 985 1364 sensura
1003 1336 1236 1376 supremum

242 1394 465 1444 Excidium‚
489 1399 527 1435 et
548 1395 733 1435 meritam
752 1394 831 1435 sato
853 1395 1027 1436 calcante
1046 1396 1221 1445 ruinam,

242 1466 353 1514 Quod
374 1471 561 1518 questum
581 1478 757 1519 persaepe
777 1466 912 1507 ferunt
931 1471 1021 1519 post
1039 1467 1144 1507 bella
1163 1479 1370 1507 reversum

236 1536 473 1589 Scipiadam,
495 1538 536 1577 in
563 1540 716 1578 cineres
737 1550 916 1579 casuram
941 1551 963 1578 a
982 1538 1157 1578 culmine
1181 1541 1364 1591 Byrsam,
1434 1541 1513 1579 605

239 1609 469 1661 Invisasque
491 1610 630 1650 domos
659 1610 903 1663 stirpemque
922 1622 1128 1663 genusque
1147 1614 1328 1663 Deosque

240 1681 454 1721 Poenorum
474 1686 512 1721 et
526 1693 690 1731 nomen,
712 1682 754 1721 ni
776 1693 875 1722 caeca
894 1681 1081 1722 Claudius
1100 1682 1244 1722 ardens

239 1752 468 1793 Ambitione
490 1753 612 1805 prior,
634 1758 726 1805 post
746 1753 940 1794 Lentulus
961 1753 1039 1794 alta
1060 1754 1214 1794 ruentis

239 1823 367 1864 Ambo
387 1823 566 1865 humeris
587 1824 684 1864 dirae
704 1824 922 1865 subiissent
949 1826 1096 1866 moenia
1118 1830 1248 1866 terrae.

240 1895 429 1935 Consulto
452 1900 588 1936 tamen
608 1895 680 1936 has
699 1897 871 1948 Superos
893 1908 1071 1938 servasse
1087 1896 1224 1949 nepoti
1437 1898 1514 1937 610

286 2004 362 2035 588.
382 2002 540 2035 Liberiori
560 2003 592 2034 in
612 2004 664 2035 ed.
683 2004 770 2041 Bas..
794 2002 943 2036 liberiore
963 2004 995 2035 in
1019 2003 1171 2036 omnibus
1188 2013 1248 2036 ms.

285 2060 359 2090 594.
384 2058 535 2093 Gloria...
556 2060 716 2092 celebrare
736 2060 766 2091 in
785 2061 838 2092 ed.
857 2061 946 2100 Bas„
964 2061 1174 2102 yloriaque...
1197 2060 1337 2092 celerare
1358 2059 1389 2091 iu
1410 2060 1513 2091 omni-

240 2116 302 2146 bus
319 2125 379 2147 ms.

283 2174 358 2204 597.
377 2172 535 2205 Extrema
556 2174 589 2205 in
609 2175 661 2206 ed.
678 2175 768 2212 Bas„
787 2177 923 2206 eoeterna
946 2174 978 2205 in
999 2183 1059 2205 ms.
1082 2177 1120 2212 A,
1142 2174 1178 2212 Β,
1199 2174 1234 2212 C,
1257 2174 1293 2211 D,
1314 2174 1349 2204 F.

281 2230 356 2260 601.
377 2228 562 2262 Solitudine
581 2230 613 2261 in
634 2231 686 2262 ed.
710 2231 798 2269 Bas„
816 2230 1035 2263 sollicitudine
1059 2230 1091 2261 in
1111 2230 1262 2261 omnibus
1282 2239 1344 2261 ms.

282 2286 357 2315 603.
373 2284 517 2318 Fortuna
537 2290 671 2328 urgente
691 2288 723 2318 iu
745 2288 798 2318 ed.
820 2288 909 2325 Bas„
928 2286 996 2327 fato
1012 2286 1156 2318 calcante
1173 2286 1206 2317 in
1226 2295 1290 2319 ms.
1310 2288 1347 2323 A,
1368 2287 1406 2325 E,
1426 2287 1460 2316 F.

279 2342 355 2372 604.
383 2342 548 2381 Quoestum
567 2347 612 2374 est
634 2344 667 2374 in
687 2345 739 2375 ed.
763 2345 849 2382 Bas„
869 2346 1017 2384 questum
1039 2343 1070 2374 in
1092 2343 1244 2374 omnibus
1265 2353 1324 2375 ms.

281 2398 357 2428 607.
377 2397 414 2430 In
434 2399 467 2429 iu
487 2399 539 2429 ed.
563 2399 652 2437 Bas.‚
672 2401 707 2431 ni
729 2401 760 2431 in
784 2410 842 2431 ms.
863 2403 902 2438 Α,
923 2401 958 2438 Β,
983 2400 1017 2437 C,
1039 2400 1077 2437 D,
1095 2400 1130 2430 E.

281 2456 357 2486 610.
379 2454 429 2486 Ad
449 2455 481 2486 in
495 2456 547 2486 ed.
569 2456 659 2494 Bas.,
681 2456 787 2488 husin
808 2467 869 2488 ms.
887 2458 924 2496 Α,
939 2457 976 2495 Β,
991 2457 1025 2494 G,
1045 2458 1082 2495 D,
1104 2457 1138 2487 F.
1159 2466 1322 2496 ;servare,
1345 2456 1431 2497 prior
1450 2456 1512 2487 lec-

239 2510 282 2541 tio
303 2519 364 2542 ms.
387 2512 411 2542 A
428 2515 552 2544 mutata
572 2512 605 2543 in
622 2521 773 2545 servasse.

1281 2574 1321 2610 :21
