1865 2959
836 223 1050 259 —296—

295 307 460 349 Excidia
483 306 660 348 infandae
681 306 813 359 gentis
841 312 1084 361 tempusque
1102 307 1316 362 locumque

296 382 428 433 Atque
447 379 597 430 aditus,
616 378 874 433 formamque
891 379 965 431 rei,
993 384 1032 421 et
1053 379 1287 422 discrimina
1314 392 1449 422 secum

297 455 450 494 Cuncta
471 451 592 493 simul
609 452 754 493 tacitus
773 452 885 506 vigili
908 451 983 493 suh
1006 457 1145 494 mente
1165 452 1368 495 movebat.

295 528 348 567 At
368 525 463 579 quia
485 524 580 565 solis
599 524 676 566 iter
695 524 898 566 devexum
918 530 1039 579 atque
1056 525 1156 567 hora
1176 537 1343 568 monere

297 599 418 639 Grata
436 597 650 638 videbatur
668 596 785 638 fessis
806 597 920 639 daret
942 597 1024 639 otia
1042 598 1198 650 castris,

296 670 476 712 Instituit
505 682 693 712 revocare
715 671 836 722 acies,
860 671 1128 725 meritamque
1153 672 1331 726 quietem

296 743 472 785 Tradere
491 743 689 785 militibus
710 744 900 785 nocturni
919 750 1103 798 tempore
1126 746 1258 786 somni
1278 760 1287 786 ε

296 819 346 857 Et
367 821 506 858 tamen
527 816 665 858 hostili
690 829 813 870 quam
832 817 1011 870 primum
1030 817 1254 872 irrumpere
1274 819 1378 860 vallo

295 888 438 930 Visum
458 894 533 930 est.
555 891 641 930 Huc
663 889 814 930 alacres
838 889 961 943 igitur
982 889 1098 942 praeit
1117 890 1203 944 ipse
1223 891 1407 934 cohortes

297 961 604 1016 ingrediturque
624 961 782 1003 aditum
803 961 915 1003 nullo
935 962 1101 1004 custode
1118 962 1315 1005 locorum.

297 1033 380 1075 Illic
400 1034 534 1087 praeda
556 1034 701 1087 ingens
707 1064 789 1075 .....

297 1105 549 1159 Praecipitem
577 1106 800 1148 meditante
824 1106 977 1160 fugam,
1002 1111 1041 1148 et
1060 1106 1159 1161 quid
1173 1107 1255 1148 vita
1277 1108 1426 1150 valeret

296 1180 386 1219 Non
412 1177 509 1231 quid
529 1189 642 1231 opeS‚
664 1177 897 1233 passimque
912 1180 1052 1232 jacens
1071 1179 1247 1232 pretiosa
1269 1181 1450 1234 supellex

296 1251 466 1290 Inventa
484 1253 558 1291 est.
581 1250 750 1303 Rapitur
770 1251 913 1304 cupide
928 1251 1181 1304 Carthaginis
1199 1264 1345 1294 aurum

298 1324 370 1363 Per
389 1322 518 1364 maria
535 1326 574 1364 et
597 1327 724 1364 terras
744 1323 962 1377 quaesitum
984 1325 1179 1377 sanguine
1198 1325 1342 1366 multo.

297 1394 517 1436 Barbaricae
536 1395 683 1449 Libyco
710 1396 819 1449 quod
838 1396 942 1437 vieta
969 1397 1164 1450 Hispania
1183 1397 1287 1438 bello

296 1467 403 1509 Misit
421 1467 612 1519 avaritize,
635 1468 773 1509 Sardis
793 1468 902 1521 quod
920 1467 1027 1509 fessa
1045 1469 1243 1521 caveruiS,

297 1540 412 1590 Quod
430 1540 575 1581 Siculis
606 1541 754 1581 totiens
775 1546 998 1582 extorserat
1020 1541 1144 1594 impia
1167 1542 1340 1595 templis,

299 1612 414 1663 Quod
433 1612 567 1654 medio
588 1625 779 1666 percussa
799 1613 863 1655 die
881 1613 998 1667 plaga
1015 1614 1166 1655 torrida
1185 1615 1327 1656 mundi

298 1688 348 1727 Et
365 1685 478 1740 niger
501 1685 742 1740 AEthiopum
761 1687 935 1740 populus
958 1699 1211 1741 regnumque
1229 1691 1456 1741 perustum,

296 1758 410 1808 Quod
433 1758 561 1799 Mauri
582 1759 885 1813 Numidumque
906 1759 1002 1801 olim
1022 1772 1094 1813 per
1111 1760 1256 1802 saecula
1276 1760 1394 1814 longa

297 1833 378 1872 Aut
400 1843 512 1884 reges
536 1831 682 1873 misere
699 1831 780 1883 alii,
798 1832 987 1886 quodque
1006 1832 1101 1872 itala
1116 1832 1234 1873 tellus

295 1906 371 1944 Tot
386 1904 549 1945 dederat
566 1904 741 1956 damnis,
763 1905 804 1945 id
823 1909 955 1945 totum
974 1904 1169 1957 sanguine
1187 1904 1364 1945 mixtum

297 1975 430 2017 Africa
449 1988 558 2017 nunc
580 1976 767 2018 revomit.
804 1976 908 2028 Quid
927 1981 986 2017 tot
1006 1976 1167 2018 valuere
1186 1976 1337 2030 rapinae
1350 1977 1370 2017 ?

297 2051 446 2103 Raptor
463 2053 665 2102 raptorem
684 2049 842 2103 spoliat.
864 2051 979 2091 Nunc
998 2049 1053 2091 ite
1072 2062 1143 2103 per
1160 2050 1294 2104 ampla

299 2123 494 2175 AEquora,
516 2133 626 2163 nunc
647 2121 797 2163 validas
816 2122 1058 2176 prosternite
1078 2123 1259 2164 turribus
1282 2134 1407 2173 arces,

298 2195 414 2235 Nunc
438 2199 617 2236 aratrum
637 2195 814 2249 antiquis
833 2195 1002 2237 insultet
1020 2195 1237 2247 moenibuS‚
1262 2207 1404 2237 omnes

1534 677 1584 715 10

1535 1042 1585 1079 15

1530 2126 1581 2166 30

342 2347 397 2379 23.
421 2344 512 2387 Quod
529 2347 636 2380 medio
653 2356 806 2389 percussa
824 2347 877 2381 die
893 2347 925 2381 in
946 2349 1000 2381 ed.
1019 2349 1109 2388 Bas„
1130 2347 1216 2391 quod
1231 2357 1383 2392 percussa
1403 2349 1455 2383 die
1474 2349 1580 2383 calido

298 2402 332 2434 in
350 2412 412 2436 ms.
431 2404 468 2443 A,
488 2403 542 2436 ubi
562 2407 671 2437 tamen
689 2405 759 2437 liaec
777 2405 899 2447 legitur
926 2405 959 2437 in
990 2406 1138 2447 margine
1167 2406 1298 2446 postilla
1319 2416 1326 2438 :
1356 2406 1451 2439 Posui
1471 2407 1578 2439 calido

297 2463 431 2501 propter
455 2471 601 2494 versum.
630 2463 702 2495 Haec
727 2463 824 2494 lectio
845 2462 929 2505 quod
949 2463 1056 2494 medio
1077 2472 1228 2505 percussa
1249 2463 1300 2496 die
1320 2464 1440 2497 deinde
1462 2473 1578 2509 supra—

296 2517 415 2561 scripta
434 2522 492 2552 cst.
