1865 2959
805 238 1013 272 —187-

273 322 422 373 Nempe
446 320 651 373 procellosi
672 320 924 361 malesanum
945 325 1084 373 pectus
1109 322 1281 362 amantis

272 392 388 432 Nulla
410 392 522 444 quies
540 392 707 441 habitat,
728 404 809 432 non
831 392 899 432 lux
923 393 1135 445 tranquilla
1158 394 1329 442 dierum,

273 466 360 504 Non
386 476 457 503 sua
480 464 592 516 signa
617 463 712 516 poli,
738 475 819 503 non
840 464 968 503 noctis
988 463 1118 515 imago
1140 476 1304 514 serente,

273 537 360 575 Non
381 535 534 575 ratibus
555 534 726 585 clavum,
754 546 834 575 non
853 539 966 574 tutus
991 535 1123 574 littore
1141 540 1278 587 portus
1297 550 1306 584 ;

272 606 440 646 Horrida
461 610 652 658 perpetuo
672 605 791 646 facies
812 605 971 646 turbata
995 605 1189 655 tumultu,

274 678 459 730 Undique
479 677 729 729 naufragium
752 677 901 729 scopuli
917 677 1150 730 clademque
1170 677 1386 727 minanteS,

272 749 473 801 Impiaque
492 749 669 789 adversis
693 750 922 789 discordant
941 762 1101 802 {equora
1119 750 1264 790 ventis,

271 821 356 860 Heu
378 821 526 867 miseri,
550 821 694 874 quibus
714 821 793 861 huc
811 821 941 861 subito
964 821 1175 862 volvantur
1197 826 1235 862 et
1261 821 1353 861 illuc

271 892 414 932 Incerti
435 892 560 944 pelagi
582 897 699 946 atque
724 893 809 933 viae.
839 896 929 934 Jam
955 898 1057 934 tecta
1079 894 1257 946 supremi

274 964 417 1003 Intima
438 976 506 1003 rex
526 964 692 1004 thalami
717 970 945 1018 secretaque
965 965 1106 1005 limina
1126 965 1234 1005 solus

225 1053 227 1056 ⁴
274 1036 456 1083 intrarat,
478 1035 700 1087 tacitusque
720 1037 879 1085 sedens,
902 1037 1000 1076 dum
1019 1036 1176 1087 singula
1198 1048 1336 1076 secum

275 1106 504 1154 pertractat,
530 1118 704 1158 quanam
731 1107 796 1147 ille
815 1107 935 1147 fidem
957 1107 1155 1160 persolvat
1178 1109 1345 1157 amanti,

273 1175 482 1216 Difficilem
500 1177 607 1217 videt
628 1190 714 1218 esse
734 1179 841 1219 viam
859 1193 866 1217 :
898 1190 992 1218 nam
1016 1178 1170 1219 territat
1189 1178 1304 1219 illum

274 1247 448 1299 Captiva}
469 1252 610 1298 status,
633 1254 670 1289 et
692 1249 848 1290 miserae
868 1249 1028 1289 fortuna
1048 1249 1214 1298 maritae,

274 1319 442 1358 Romani
469 1331 586 1359 mens
612 1320 689 1360 alta
709 1321 835 1370 ducis,
860 1326 947 1360 tum
970 1325 1064 1360 nota
1085 1321 1219 1373 pudici

274 1391 447 1430 Pectoris
464 1392 673 1444 integritas
697 1406 705 1441 ;
728 1392 837 1431 illam
859 1392 1064 1432 metuebat
1083 1393 1209 1433 amori

273 1462 496 1501 Adversam
515 1462 688 1514 reperire
708 1475 796 1512 suo,
820 1464 890 1503 sed
912 1464 1011 1503 dura
1030 1465 1180 1504 catenis

275 1534 486 1574 Evinctum
502 1535 641 1575 validis
659 1536 722 1575 lex
741 1535 955 1588 imperiosa
975 1536 1157 1576 trahebat

275 1607 514 1646 Cernentem
533 1618 603 1646 sua
622 1606 700 1647 fata
723 1608 874 1659 procul.
899 1610 977 1648 Ceu
998 1608 1126 1647 victus
1148 1607 1190 1646 in
1210 1606 1288 1647 alto

276 1677 414 1716 Navita
433 1678 500 1729 qui
522 1683 688 1718 moestus
709 1678 892 1730 scopulos
915 1684 1124 1731 syrtesque
1146 1678 1314 1718 vadosas

276 1752 379 1789 Ante
399 1750 534 1789 oculos
554 1750 662 1790 videt
682 1762 768 1790 esse
789 1763 897 1800 suos,
920 1763 992 1790 nec
1013 1750 1173 1791 flectere
1193 1761 1352 1802 proram

276 1823 370 1860 Arte
391 1820 527 1860 valeus
548 1821 678 1870 solita,
703 1827 902 1874 ventoque
923 1822 1123 1874 impulsus
1143 1827 1181 1862 et
1201 1821 1337 1869 undis,

276 1891 419 1931 Omnia
439 1892 672 1944 desperans,
693 1892 864 1933 fortunae
885 1893 1049 1933 mandat
1070 1893 1218 1945 iniquae

276 1963 324 2001 Et
343 1962 498 2003 clavum
520 1969 557 2003 et
578 1975 709 2003 remos
731 1969 769 2004 et
788 1964 874 2004 vela
893 1964 1058 2004 fluentia
1078 1964 1231 2014 nimbo,

277 2035 332 2074 Ac
348 2034 575 2086 lacrymans
591 2036 632 2075 111
651 2049 783 2088 puppe
804 2037 914 2076 sedet
938 2051 945 2075 :
969 2037 1024 2076 sic
1047 2035 1237 2088 naufraga
1256 2036 1358 2088 regis

324 2228 398 2258 165.
419 2227 554 2268 Jamque
570 2229 602 2259 in
624 2229 677 2259 ed.
697 2229 755 2260 Bas
776 2254 784 2267 ,
801 2230 874 2270 jam
894 2229 927 2260 in
949 2229 1100 2261 omnibus
1122 2238 1184 2260 ms.

324 2285 398 2315 166.
420 2284 559 2316 Lumina
578 2285 612 2316 in
632 2286 683 2317 ed.
707 2286 797 2324 Bas.,
819 2286 938 2318 limina
959 2286 992 2317 in
1013 2295 1075 2318 ms.
1094 2287 1135 2325 A,
1155 2286 1192 2325 B,
1212 2286 1247 2324 C,
1265 2287 1304 2324 D,
1326 2287 1360 2317 F.

323 2342 399 2371 170.
421 2341 533 2373 Mariti
552 2341 585 2373 in
603 2343 656 2373 ed.
676 2343 765 2379 Bas.‚
786 2343 915 2374 maritoe
935 2342 967 2374 in
990 2343 1142 2374 omnibus
1163 2351 1224 2374 ms.

1472 537 1548 576 160

1475 896 1551 934 165

1479 1252 1554 1289 170

1480 1606 1555 1644 175

1482 1966 1496 2001 ‘l
1507 1964 1558 2002 80

323 2398 398 2429 177.
419 2398 486 2439 Ipse
505 2397 538 2429 in
559 2399 609 2429 ed.
630 2399 702 2429 Bas.
722 2399 755 2429 ln
777 2409 838 2431 ms.
859 2400 883 2430 A
904 2399 936 2430 in
957 2409 1054 2430 versu
1075 2402 1181 2431 exstat
1197 2408 1276 2437 esse,
1298 2400 1355 2431 sed
1372 2407 1471 2439 supra
1484 2406 1556 2429 cor-

278 2458 402 2486 rectum
420 2456 500 2496 ipse.

325 2512 400 2542 181.
423 2511 462 2543 At
482 2511 516 2543 in
536 2512 589 2544 ed.
614 2511 701 2550 Bas„
722 2521 760 2544 ac
781 2513 814 2544 in
836 2512 990 2545 omnibus
1007 2522 1069 2545 ms.
