1865 2959
712 288 895 321 -5'1—

173 370 246 429 qui
278 384 527 429 cognomen
563 370 753 414 Africani
785 373 1133 428 usurpaverant,
1161 369 1364 424 fortuna,
1397 372 1440 414 et

171 450 265 507 ipse
282 449 515 493 Petrarcha
532 447 642 492 adeo
658 448 889 506 ignorabat
906 451 1057 491 utrum
1075 447 1161 490 utri
1179 447 1433 499 anteferret,

171 530 221 569 ut
250 540 326 571 eos
362 544 383 566 «
418 529 511 570 tam
538 527 718 584 junctos
754 529 797 570 et
826 529 919 569 tam
945 537 1074 583 pares
1101 523 1147 570 (1)
1179 542 1199 565 »
1238 525 1363 582 quasi
1395 525 1439 568 in

172 617 313 646 unum
327 602 635 647 confunderet.
660 603 857 647 Priorem
873 606 1024 646 tamen
1041 602 1312 654 Africanum,
1334 601 1441 646 alte-

171 680 262 723 rius
295 680 461 724 scilicet
495 680 736 738 exemplar,
769 679 852 723 sibi
884 680 1100 737 majorem
1127 679 1282 737 elegit,
1312 679 1371 721 ita
1391 682 1441 722 ut

171 757 298 800 11111111
318 757 587 815 quibusdam
608 757 794 810 meritis,
816 770 915 814 quae
932 755 987 799 ad
1005 756 1292 799 AEmilianum
1314 768 1440 813 spec-

172 838 282 888 tant,
300 836 425 892 quasi
440 849 531 879 non
546 835 660 878 fictis
676 835 898 879 coloribus
914 834 1152 878 ornaverit.
1178 833 1283 884 Quae
1301 847 1441 890 quum

170 912 230 955 ita
250 912 354 964 sint,
378 912 505 955 illum
526 913 570 955 in
592 913 741 956 animo
767 925 944 970 semper
977 911 1133 955 habuit
1169 925 1260 955 non
1293 910 1441 954 solum

171 990 327 1034 bellico
349 990 545 1048 ingenio,
572 989 650 1034 sed
674 990 807 1034 etiam
835 989 1045 1033 omnibus
1066 1002 1166 1046 quae
1186 988 1329 1032 civem
1356 988 1443 1032 exi-

170 1067 311 1110 mium
333 1067 492 1111 decent
513 1067 752 1111 virtutibus
773 1066 1105 1111 commendare.

229 1145 367 1194 Quem
390 1144 509 1187 onim
529 1144 691 1188 fortem
712 1144 756 1187 in
779 1157 929 1202 pugna
949 1147 993 1187 et
1012 1144 1074 1187 rei
1098 1143 1300 1186 militaris
1322 1143 1439 1201 perh

173 1226 265 1265 tum
287 1223 455 1280 experti
476 1225 602 1266 erant
622 1222 762 1273 Pceni,
789 1225 886 1264 tum
907 1221 990 1265 sub
1012 1221 1240 1265 moenibus
1261 1221 1440 1264 Cartha-

169 1300 285 1357 ginis
314 1314 458 1352 nova),
491 1304 587 1343 tum
619 1300 663 1342 in
697 1299 872 1356 Libycis
905 1299 1097 1356 campis,
1131 1299 1438 1356 victoremque

170 1391 287 1435 aegre
325 1381 590 1429 senserant;
621 1381 665 1420 at
695 1377 768 1420 1110
801 1390 898 1420 sese
928 1375 1200 1419 imitandum
1231 1375 1441 1419 Romanis

170 1455 449 1512 posterisque
466 1455 583 1498 ultro
605 1454 877 1512 praebuerat,
903 1453 978 1510 qui
1001 1453 1211 1511 pietatem
1239 1465 1343 1510 erga
1363 1465 1440 1510 pa-

169 1535 332 1583 rentes,
356 1532 651 1575 constantiam
669 1531 713 1574 111
732 1531 947 1583 adversis,
972 1531 1291 1574 abstinentiam
1310 1530 1354 1573 in
1375 1543 1441 1573 se-

169 1608 343 1661 cundis,
367 1609 702 1661 continentiam,
728 1613 772 1652 et
790 1609 1087 1652 reverentiam
1108 1621 1212 1666 erga
1231 1609 1346 1651 Deos
1364 1621 1441 1665 pa-

169 1687 257 1729 lam
277 1689 320 1730 et
340 1686 538 1743 undique
555 1690 647 1730 erat
665 1686 910 1744 professus.
936 1686 1012 1729 His
1032 1689 1183 1730 autem
1200 1684 1442 1729 virtutibus

166 1764 274 1807 alias
295 1763 527 1821 jungebat,
558 1763 720 1821 quibus
747 1763 983 1807 Petrarcha
1012 1766 1135 1807 tanto
1163 1762 1324 1807 melius
1359 1761 1437 1806 de-

167 1841 433 1893 lectabatur,
464 1845 630 1899 quanto
654 1841 750 1900 ipse
783 1839 837 1884 ad
871 1854 945 1885 eas
975 1841 1254 1899 propensior.
1297 1840 1439 1898 Scipio

170 1919 337 1962 etenim
375 1918 560 1963 eximios
599 1918 819 1977 quosdam
851 1919 968 1963 cives
995 1919 1041 1961 in
1066 1917 1305 1961 amicitiam
1337 1931 1441 1961 con-

169 1999 376 2047 traxerat,
404 2000 536 2054 atque
568 1997 714 2040 omnis
750 1996 880 2040 officii
904 1995 1289 2053 diligentissimus,
1320 1994 1440 2038 beni-

169 2088 309 2132 gnum
347 2088 450 2132 erga
485 2088 590 2118 suos
626 2075 827 2118 animum
867 2077 1118 2132 sumpserat
1138 2089 1148 2125 ;
1184 2073 1440 2116 felicitatem

170 2165 394 2194 summam
411 2152 455 2194 in
473 2152 663 2195 amicitia
690 2155 913 2210 posuerat.
948 2151 1013 2194 1111
1034 2151 1187 2194 nullus
1215 2150 1346 2193 Laelio
1374 2163 1439 2193 ca—

168 2229 276 2281 rior,
306 2229 458 2272 nuilus
480 2229 674 2287 dignior,
699 2230 774 2287 qui
793 2243 925 2272 suum
944 2228 1289 2272 contubernium
1310 2240 1436 2271 exer-

169 2310 287 2350 ceret
310 2322 319 2358 ;
349 2306 570 2364 amboque
591 2307 634 2349 in
662 2306 801 2358 bello,
832 2306 963 2349 ambo
986 2309 1087 2364 post
1108 2318 1262 2363 pacem
1289 2303 1438 2346 animo

169 2383 412 2428 concordes
442 2384 659 2428 vixerant.
688 2384 825 2427 Tanta
847 2397 897 2427 ea
919 2384 1034 2427 inter
1054 2397 1130 2427 eos
1151 2383 1293 2425 fuerat
1314 2395 1438 2424 01110-

216 2558 261 2597 (i)
281 2557 323 2589 De
354 2556 415 2589 Vir.
437 2556 537 2593 solit„
559 2556 614 2587 lib.
641 2564 674 2594 τι,
693 2560 769 2587 scer.
794 2559 825 2594 9,
847 2566 876 2588 r.
900 2559 926 2587 5.
