1865 2959
847 215 1055 253 -293—

311 307 401 346 Jam
420 313 583 356 pessum
608 301 711 342 ferro
736 300 929 342 dederant
953 305 992 341 et
1016 299 1186 342 fortibus
1205 300 1340 342 armis.

311 378 391 417 Has
409 375 515 415 inter
533 378 673 426 gentes
693 373 769 414 alio
784 372 1002 413 certamine
1016 372 1134 425 longe
1484 374 1588 414 1090

311 450 559 488 Concursum
580 449 641 485 est
659 444 826 497 aliisque
844 444 1014 485 animis:
1027 446 1113 497 jam
1131 455 1225 484 vera
1239 442 1378 484 fatenti

309 517 470 559 Viribus
490 515 574 556 haec
594 515 696 557 acies
714 515 842 568 praeit,
865 514 950 555 haec
967 514 1146 566 levitate,
1170 515 1239 556 sed
1258 526 1387 556 unum
1403 520 1464 556 est

309 591 461 641 Parque
482 587 618 627 odium
640 586 849 627 ambabus.
878 587 955 627 Vix
974 587 1140 627 tandem
1163 586 1269 627 fessa
1287 598 1503 640 parumper

308 659 479 700 Cedebat
498 661 711 699 Poenorum
731 658 850 699 acies.
865 660 971 699 Tum
983 657 1162 699 fervidus
1182 658 1241 699 ira

309 730 509 772 Hannibal
526 730 742 771 exclamat:
770 744 788 767 «
807 731 896 770 Non
915 730 1000 770 haec
1012 729 1084 770 tibi
1103 729 1216 782 signa
1233 734 1466 782 retrorsum,
1481 732 1583 772 1095

308 801 500 853 Furcifer,
517 806 563 842 ut
582 802 722 842 redeas
745 801 949 852 dederam,
971 801 1069 854 quin
1088 801 1220 854 pergis
1246 806 1284 842 et
1304 801 1371 842 illa

306 874 499 915 Hostibus
518 874 561 914 in
581 874 726 914 mediis
745 874 878 926 potius
898 873 1096 925 discerpta
1115 873 1314 926 relinque.

305 948 392 987 Heu
412 945 526 996 mihi,
554 957 632 998 quo
653 945 796 986 ruitis?
813 946 902 986 Non
922 950 982 985 est
1003 945 1066 986 via
1081 950 1204 986 recta.
1226 945 1385 996 Venite,

305 1020 387 1059 Hac
409 1018 568 1058 hostem
590 1017 763 1070 reperire
783 1017 890 1057 licet.
915 1017 1165 1070 Carthaginis
1183 1018 1279 1058 estis

303 1090 367 1131 Sic
384 1091 612 1131 memores?
626 1090 707 1129 Hac
725 1088 827 1129 forte
842 1088 1008 1129 domum
1028 1101 1206 1130 remeare
1226 1090 1406 1142 putatis?
1474 1093 1577 1132 1100

305 1162 470 1213 Erratis,
490 1161 627 1202 miseri
644 1161 764 1212 cives,
791 1160 876 1201 haec
896 1161 1066 1202 carceris
1081 1173 1163 1201 una

304 1234 521 1286 Exsiliique
542 1233 606 1274 via
626 1237 701 1274 est.
721 1248 739 1271 υ
766 1234 859 1273 Haec
877 1233 1013 1273 dicens
1034 1233 1118 1273 ibat
1136 1233 1179 1274 in
1201 1233 1339 1274 hostes

305 1306 420 1347 Solus
436 1311 475 1346 et
496 1305 734 1358 intrepidus,
760 1307 931 1346 Cunctas
947 1305 1002 1345 sic
1019 1304 1086 1345 ille
1108 1305 1260 1358 pudore

304 1380 353 1419 Et
371 1378 495 1419 victas
520 1378 666 1430 pietate
686 1377 798 1418 ducis
819 1377 1000 1418 firmasse
1022 1377 1207 1418 cohortes

304 1451 422 1491 Visus
453 1454 550 1500 erat,
577 1450 808 1503 bellumque
828 1449 970 1502 ingens
998 1454 1268 1502 renovataque
1287 1450 1414 1491 caedes
1476 1453 1579 1491 1105

301 1524 496 1574 Coeperat.
512 1522 685 1574 Urgebat
699 1522 828 1574 Scipio
844 1522 1078 1574 primusque
1105 1521 1312 1573 premebat

301 1595 515 1635 Obstantes
534 1605 684 1634 cuneos
705 1598 744 1634 et
762 1593 905 1634 funera
923 1593 1060 1633 crebra
1084 1592 1263 1633 serebat:

307 1681 326 1704 c(
345 1665 558 1707 Perfidiam
576 1665 777 1719 numquid
795 1669 879 1705 tam
894 1664 1012 1717 longa
1026 1664 1174 1706 inferre
1192 1665 1337 1707 videbo

302 1738 440 1779 Praeh'a
455 1737 629 1779 virtuti?
648 1749 732 1778 non
754 1737 810 1777 sic
827 1736 985 1790 pietatis
1009 1736 1125 1777 avitae

300 1810 453 1852 Oblitos
467 1822 555 1851 rear
571 1821 659 1850 esse
678 1812 796 1850 Deos.
817 1808 1050 1850 concurrite
1070 1809 1194 1850 fortes
1473 1813 1575 1851 1110

300 1881 531 1923 Pectoribus
548 1881 817 1935 manibusque
835 1880 925 1931 viri,
946 1880 1112 1922 victoria
1131 1885 1276 1934 praesto
1297 1885 1372 1922 est.
1390 1896 1407 1920 n

300 1954 410 1995 Talia
427 1954 603 2007 jactabat
621 1953 756 1994 stricto
777 1964 970 1994 mucrone
989 1953 1253 2004 tremendus3

299 2027 469 2079 Jamque
487 2025 633 2067 referre
651 2026 795 2078 pedem
814 2025 1007 2079 paulatim
1027 2025 1240 2066 exterritus
1256 2025 1384 2067 hostis

299 2099 391 2139 Mox
407 2097 534 2150 magis
553 2101 672 2151 atque
691 2097 834 2150 magiS,
855 2109 927 2138 nec
945 2098 1029 2150 Jam
1051 2098 1275 2140 reverentia
1300 2099 1401 2140 tanti

300 2169 388 2211 Ulla
406 2169 518 2211 ducis
535 2169 708 2211 retinere
727 2169 796 2210 diu
814 2169 1011 2223 potuisset
1029 2169 1072 2210 in
1086 2170 1223 2212 armis.
1467 2174 1570 2213 1115

300 2243 398 2283 Ecce
417 2245 552 2283 autem
573 2241 721 2295 pariter
744 2241 959 2283 redeuntes
981 2241 1098 2283 hoste
1118 2241 1253 2295 fugato

343 2388 443 2419 1096.
464 2385 594 2427 Reseras
613 2385 647 2418 in
667 2387 719 2420 ed.
741 2387 832 2425 Bas.‚
852 2386 965 2419 redeas
983 2386 1014 2418 in
1031 2396 1094 2419 ms.
1115 2388 1152 2419 A.

341 2444 440 2475 1105.
462 2443 498 2474 ln
515 2452 578 2475 ms.
598 2444 623 2475 Α
637 2443 733 2483 visus,
755 2447 787 2476 at
807 2453 863 2485 pro
883 2444 991 2477 littera
1010 2454 1028 2477 v
1044 2446 1206 2485 expuncta
1225 2444 1347 2487 legitur
1365 2454 1398 2477 n.

339 2500 440 2532 1108.
459 2499 602 2543 Lonqam
623 2500 655 2533 in
675 2501 730 2534 ed.
748 2501 839 2541 Bas„
858 2501 955 2544 lonqa
976 2501 1008 2534 in
1027 2501 1184 2535 omnibus
1201 2511 1263 2535 ms.
