1865 2959
761 247 971 283 -315-

232 332 419 384 Regulus,
442 336 479 372 et
500 343 614 372 casus
634 330 768 371 sonuit
791 330 951 370 fortuna
971 331 1157 381 recentis,

231 403 436 456 Extemplo
457 407 605 443 terrore
626 402 734 454 gravi
754 406 970 451 tremuere,
991 403 1203 455 minorque

230 478 376 515 Luctus
401 474 563 527 majoris
587 474 795 514 renovavit
819 474 983 513 vulnera
1004 474 1155 513 damni.
1428 478 1505 515 450

231 549 366 599 Puppe
388 546 496 586 velut
513 545 634 586 fracta
657 557 766 586 remo
787 557 878 585 eum
896 545 1023 585 tristis
1043 545 1209 585 adhaesit

231 619 383 667 Navita,
406 621 658 671 jactaturque
679 617 791 657 vadis
811 617 872 657 cui
895 617 1029 657 littora
1047 617 1162 669 longe

230 692 328 742 Spes
348 689 452 730 fuste
471 689 610 741 exiguo
636 688 804 737 titubat3
829 688 861 728 si
884 688 985 728 forte
1011 688 1211 740 malignus

228 762 389 802 Fluctus
408 766 446 801 et
464 761 572 801 huno
597 760 739 812 rapiat,
761 764 935 800 mortem
959 760 1097 812 gemit,
1119 765 1238 812 atque
1258 761 1479 801 secundum

225 833 482 885 Naufragium
504 837 613 872 tanta
634 844 681 872 ex
702 833 833 883 parvis
860 837 1065 871 momenta
1089 843 1342 883 supremum.
1429 835 1506 871 455

226 906 402 956 Tempus
428 904 547 944 habet
567 915 704 956 pacem
731 903 854 943 lectos
875 903 1116 955 veniamque
1143 903 1311 955 petitum

228 977 304 1015 Ter
323 976 445 1015 denos
467 975 593 1027 placet
612 974 670 1014 ire
694 974 815 1023 viros,
842 986 945 1026 quos
966 974 1102 1014 vultus
1123 980 1161 1014 et
1182 979 1276 1014 zetas

228 1049 276 1087 Et
295 1059 419 1099 genus
440 1051 477 1087 et
496 1047 623 1087 virtus
647 1046 792 1098 populo
814 1045 1017 1098 praeferret
1036 1046 1079 1085 in
1101 1047 1226 1086 omni.

226 1119 335 1159 Talia
355 1131 424 1171 per
441 1118 606 1171 Libyam
625 1132 632 1157 ε
656 1118 749 1158 belli
771 1118 840 1158 sed
861 1117 968 1157 fama
982 1118 1130 1170 peracti

228 1190 415 1230 Nondum
441 1191 662 1230 Romanam
686 1201 850 1242 serpens
871 1194 1099 1242 penetrarat
1121 1190 1169 1229 ad
1189 1190 1345 1241 urbem,
1431 1193 1507 1230 460

227 1261 501 1313 Sollicitosque
524 1265 657 1313 patres
685 1261 795 1301 Poeni
820 1273 919 1314 quos
938 1260 1045 1301 fama
1063 1260 1223 1301 rebellis

228 1335 402 1373 Moverat
421 1344 464 1373 ae
484 1332 642 1385 plebem
663 1332 873 1372 attonitam
892 1337 1076 1384 portenta
1093 1335 1267 1373 Deorum

229 1404 403 1444 Plurima
422 1403 640 1444 terrebant.
670 1404 795 1444 Medio
818 1405 875 1444 sol
899 1404 1047 1445 aethere
1064 1404 1175 1444 visus

227 1476 430 1526 Imminui‚
454 1476 683 1528 sensimque
701 1476 821 1528 jubar
849 1476 1037 1526 decrevit,
1061 1480 1100 1516 et
1120 1476 1262 1528 ingens

228 1547 477 1588 Contremuit
500 1547 634 1596 telluS,
665 1547 907 1600 arbustaque
930 1547 1057 1587 multa
1076 1548 1288 1588 dehiscens
1431 1550 1508 1587 465

230 1619 404 1668 Sorbuit‚
426 1618 689 1672 horrifieoque
710 1620 842 1672 palam
862 1619 1034 1659 subsidit
1053 1619 1181 1660 hiatu.

228 1690 357 1731 Tibris
383 1702 503 1743 agens
530 1691 649 1730 silvas
674 1691 853 1744 riparum
874 1693 965 1743 jura
988 1690 1137 1731 furenti

228 1764 359 1802 Amne
385 1774 666 1814 supergressus
688 1775 875 1815 magnam
895 1763 1113 1803 conterruit
1139 1763 1281 1803 urbem

230 1833 384 1873 Diluvio
403 1834 578 1884 insolito,
601 1834 860 1887 subitumque
879 1834 1107 1875 horrendus
1133 1834 1176 1874 in
1196 1834 1282 1886 ipso

229 1906 362 1945 Monte
380 1905 557 1945 Palatino
579 1906 787 1946 descendit
811 1918 953 1946 saxeus
973 1906 1117 1946 imber.
1441 1909 1509 1945 '170

229 1977 328 2027 Ergo
349 1975 557 2029 Sibyllinis
577 1977 708 2029 adytis
727 1989 920 2030 responsa
943 1982 1129 2030 petentes

276 2180 352 2210 451.
373 2180 451 2212 Tum
468 2180 501 2211 in
515 2180 568 2212 ed.
587 2181 676 2220 Bas„
694 2190 767 2213 cam
783 2181 815 2212 in
834 2181 984 2213 omnibus
1005 2191 1065 2213 ms.

275 2237 352 2267 456.
368 2235 469 2268 Loetos
486 2236 518 2267 in
536 2238 588 2268 ed.
606 2237 677 2268 Bas.
696 2240 727 2268 et
744 2237 777 2269 in
798 2238 906 2278 priore
924 2238 1062 2270 lectione
1080 2248 1143 2270 ms.
1163 2239 1200 2278 Α,
1221 2239 1318 2271 lectos
1344 2248 1428 2271 corr.
1452 2240 1483 2270 in

240 2303 302 2325 ms.
325 2294 348 2324 A
370 2296 402 2325 et
423 2293 452 2324 in
475 2293 560 2325 aliis.

277 2351 355 2381 460.
378 2350 525 2383 Romana
546 2349 577 2380 in
600 2351 650 2381 ed.
675 2351 761 2389 Bas„
783 2351 964 2385 Romanam
982 2351 1015 2383 in
1037 2361 1096 2382 ms.
1116 2352 1153 2383 A.

277 2407 352 2437 462.
372 2406 408 2438 In
429 2406 603 2437 minimum
624 2407 656 2437 in
677 2408 728 2438 ed.
752 2408 838 2447 Bas„
860 2409 1013 2440 immmm'
1034 2408 1065 2439 in
1087 2408 1236 2440 omnibus
1255 2419 1315 2441 ms.

276 2465 353 2494 469.
372 2462 547 2494 Horremus
563 2464 595 2494 in
613 2464 665 2494 ed.
687 2464 775 2502 Bas„
799 2464 978 2497 horrendus
998 2465 1029 2496 in
1048 2466 1197 2497 omnibus
1218 2476 1278 2499 ms.

278 2521 352 2552 471.
371 2519 474 2552 Libris
495 2530 552 2561 pro
567 2521 672 2561 adytis
689 2522 721 2552 in
742 2530 804 2553 ms.
826 2522 860 2553 Ε.
