1865 2959
254 569 745 608 FRANCISCI
824 565 1392 605 PETRARCHAE

658 687 993 749 AFRICAE

538 829 754 868 LIBER
806 827 1104 867 PRIMUS.

604 1139 950 1172 ARGUMENTUM
987 1123 1050 1170 (¹).

368 1254 444 1290 Quze
461 1251 556 1283 tantis
575 1251 617 1283 sit
636 1261 732 1282 causa
752 1250 858 1288 malis,
882 1250 995 1290 quisve
1016 1258 1108 1281 error
1130 1249 1283 1288 utrinque

368 1309 534 1349 Impulerit
549 1310 693 1340 Romana
710 1308 828 1339 iterum
848 1316 1043 1338 concurrere
1063 1306 1168 1337 Poenis

369 1366 465 1396 Arma
481 1365 592 1403 armis,
614 1364 780 1404 dubioque
801 1364 921 1395 iterum
944 1364 1122 1395 decernere
1141 1363 1240 1393 Marte

371 1422 534 1460 Quaeritur
554 1422 586 1453 in
607 1421 725 1461 primo.
749 1422 822 1452 Post
837 1421 903 1451 alto
923 1421 1070 1451 membra
1089 1429 1205 1460 sopore

371 1478 477 1519 Scipio
496 1488 704 1518 compressus
724 1477 797 1509 cccli
817 1477 1006 1509 conscendit
1025 1478 1065 1508 ad
1086 1486 1188 1508 arces.

371 1535 425 1566 Hic
447 1535 546 1575 patris
566 1538 599 1566 et
620 1535 726 1574 patrui
742 1534 869 1565 crudeli
890 1537 995 1565 morte
1016 1533 1145 1564 ruinam

370 1591 506 1632 Accipit,
522 1594 554 1623 ct
571 1591 667 1622 claris
680 1600 752 1630 qum
773 1590 815 1621 sit
834 1593 907 1630 post
921 1590 1036 1621 funera
1052 1589 1146 1621 discit

371 1649 443 1680 Vita
461 1648 552 1687 viris,
575 1649 676 1679 multo
694 1657 775 1688 quos
792 1647 900 1679 cernit
918 1649 1045 1679 honore
1064 1647 1176 1678 beatos

371 1706 453 1737 Ante
470 1705 556 1737 diem
570 1705 694 1737 vetitus
713 1704 843 1736 mortali
865 1705 1023 1736 excedere
1043 1703 1123 1735 vita.

197 1823 247 1861 Ut
265 1821 363 1860 mihi
381 1820 642 1872 conspicuum
661 1820 815 1860 meritis
832 1819 1016 1872 belloque
1034 1818 1290 1859 tremendum

197 1895 308 1933 Musa
327 1892 458 1932 virum
476 1891 638 1942 referes,
661 1892 767 1931 Italis
789 1892 851 1931 cui
867 1890 991 1930 fracta
1012 1890 1085 1930 sub
1105 1890 1227 1929 arinis

197 1963 347 2004 Nobilis
365 1968 561 2003 {eternum
578 1963 689 2015 prius
710 1963 842 2002 attulit
862 1962 993 2002 Africa
1013 1973 1178 2001 nomen.

198 2037 328 2085 Hunc,
344 2047 495 2087 precor,
511 2035 703 2075 exhausto
723 2035 836 2074 liceat
855 2034 954 2073 mihi
977 2045 1116 2086 sugere
1135 2032 1287 2073 fontem

200 2109 257 2147 Ex
278 2106 464 2147 Helicone
486 2118 657 2156 sacrum,
680 2106 806 2146 dulcis
825 2117 914 2146 mea
934 2117 1042 2155 cura,
1065 2116 1233 2153 sorores,
1451 2104 1475 2141 5

246 2251 291 2294 (1)
311 2251 366 2287 Ea,
381 2260 452 2291 qum
469 2251 618 2282 omnibus
638 2249 752 2290 Africa}
772 2250 861 2280 libris
887 2249 1092 2289 inscripsisse
1115 2249 1217 2280 sertui·
1237 2241 1395 2279 Collulius
1418 2246 1475 2277 Su-

202 2307 308 2344 lutati,
333 2310 538 2347 argumenta,
565 2317 604 2338 ex
625 2316 686 2338 ms.
713 2307 737 2338 A
759 2309 959 2345 sumuntur3
982 2308 1100 2337 desunt
1123 2306 1154 2336 in
1185 2304 1334 2336 omnibus
1353 2302 1479 2334 caeteris

203 2363 365 2395 codicibus
387 2363 464 2394 etin
487 2364 538 2394 ed.
561 2364 635 2394 Bas.

247 2422 277 2451 [ι.
299 2419 392 2452 Nunc
412 2429 470 2460 pro
490 2420 574 2452 hunc
594 2420 625 2451 in
649 2429 708 2451 ms.
733 2421 768 2451 Ε.

250 2479 279 2507 5.
303 2477 416 2508 Duloes
436 2477 468 2507 in
489 2477 540 2508 ed.
563 2477 652 2514 Bas,
675 2477 776 2508 dulcis
798 2476 827 2507 in
853 2475 1003 2507 omnibus
1021 2485 1080 2506 nis,

1269 2538 1289 2569 [i
