1865 2959
793 267 834 272 -
862 246 907 282 19
935 267 977 272 -

252 328 452 386 Scipione
470 329 699 386 scripsisse
718 345 728 381 ;
752 330 916 388 quippe
937 330 1012 387 qui
1036 331 1081 373 in
1102 331 1399 377 familiaritate
1430 333 1518 377 Sci-

252 406 397 463 pionis
419 407 616 453 vixisset.
648 421 751 451 eum
782 408 827 450 in
858 407 954 451 foro
985 408 1247 465 loquentem
1283 409 1519 463 audiisset,

251 483 295 526 in
320 482 566 526 Sardiniam
588 484 787 527 centurio
804 489 922 528 esset
943 488 1144 535 secutus;
1163 486 1221 528 ita
1243 490 1291 529 ut
1309 487 1421 529 1111111
1444 487 1522 530 fic—

252 564 348 603 tum
366 560 411 602 in
434 561 583 613 rebus,
609 561 722 604 nibil
744 561 943 605 fucatum
970 562 1084 606 foret
1107 563 1152 605 in
1182 563 1328 607 verbis
1352 580 1359 606 ε
1398 579 1522 607 sum-

251 652 352 680 mus
369 642 580 695 praeterea
596 642 718 682 vates
735 652 758 681 a
773 639 914 682 Tullio
935 639 1129 692 habitus,
1147 658 1167 679 ι(
1188 640 1367 697 ingenio
1387 642 1523 684 maxi-

252 729 352 757 mus
369 752 379 767 ,
413 719 505 759 arte
531 715 654 759 rudis
682 716 727 762 (l)
753 735 773 756 »
806 730 830 759 a
856 718 1032 760 Nasone
1055 717 1200 761 dictus
1231 722 1313 760 est.
1338 719 1524 775 Insuper

250 806 275 834 a
300 793 601 850 grammaticis
625 797 667 837 et
686 794 968 852 philosophis
982 795 1229 852 schissime
1244 809 1521 839 commemo-

252 874 388 918 ratus,
414 869 588 927 publico
611 870 822 913 Hadriani
851 875 894 914 et
921 872 1135 914 Antonini
1164 872 1443 930 temporibus
1464 872 1524 916 le-

251 946 451 1004 gebatur,
478 961 624 1005 neque
655 948 750 992 sine
774 949 1002 1006 voluptate
1033 949 1227 1006 quadam
1252 964 1410 993 versus
1427 951 1522 1008 ejus

250 1023 430 1068 audiere
464 1025 736 1069 recentiores
775 1026 979 1069 Romani.
1019 1027 1186 1070 Ferunt
1230 1027 1362 1071 etiam
1400 1042 1521 1084 quae-

251 1100 354 1144 dam
399 1103 495 1160 ejus
529 1116 663 1160 opera
696 1107 877 1147 centum
917 1103 1047 1147 annis
1094 1108 1197 1147 anto
1240 1105 1521 1148 Pctrarcham

250 1192 500 1235 superesse.
558 1181 694 1223 Totus
733 1184 883 1224 autem
930 1186 1023 1225 erat
1074 1186 1279 1225 mortuus
1335 1183 1518 1235 Ennius,

250 1271 388 1313 quum
423 1261 576 1301 noster
608 1262 733 1302 tates
763 1259 858 1315 ejus
893 1258 1100 1316 supplere
1138 1259 1254 1302 vices
1283 1262 1325 1302 et
1357 1273 1520 1303 monu-

249 1338 453 1378 mentum
474 1335 678 1379 Africano
701 1335 930 1393 quondam
962 1336 1159 1379 dicatum
1182 1337 1363 1381 reficere
1395 1337 1521 1380 nisus

249 1416 342 1463 est;
379 1425 430 1455 eo
460 1412 675 1465 sedulius,
713 1413 834 1471 quod
861 1427 964 1458 eum
998 1415 1179 1458 Homeri
1215 1415 1428 1458 aemuium
1467 1428 1520 1458 ex

248 1489 403 1533 alienis
419 1491 689 1534 testimoniis
696 1491 931 1548 judicaret.
959 1493 1018 1535 Ac
1038 1492 1130 1536 fere
1149 1506 1200 1536 eo
1223 1492 1521 1536 venerationis

249 1572 544 1625 processerat,
601 1573 649 1611 ut
690 1569 838 1626 ipsum
886 1569 1006 1613 dicas
1045 1570 1250 1617 credere,
1301 1570 1520 1614 Ciceronis

247 1645 401 1698 instar,
448 1646 584 1690 Graeci
616 1651 658 1689 et
705 1647 845 1690 Latini
883 1648 995 1692 vatis
1035 1649 1207 1692 animas
1249 1649 1399 1692 nescio
1434 1661 1521 1706 qua

248 1722 538 1780 Pythagorica
569 1724 956 1782 transmigratione
986 1726 1031 1768 in
1068 1739 1205 1769 unam
1236 1726 1516 1770 convenisse.

247 1799 414 1844 Ambos
436 1800 480 1843 in
503 1801 690 1845 somniis
717 1807 1034 1847 conversantes
1055 1803 1186 1846 finxit
1202 1804 1311 1861 ipse,
1338 1807 1381 1847 et
1406 1804 1521 1848 forte

247 1877 426 1920 rebatur
445 1891 543 1922 sese
561 1879 656 1922 vice
683 1882 726 1922 et
752 1880 900 1936 ipsum
925 1881 1054 1923 Ennii
1077 1882 1273 1924 animam
1299 1881 1516 1926 induisse.

306 1955 354 1997 In
374 1954 460 1998 hoc
490 1960 641 2000 autem
662 1957 858 2000 maximo
890 1957 944 2000 ab
967 1959 1108 2002 Ennio
1133 1958 1412 2017 discrepabat
1438 1960 1518 2003 Pe-

248 2031 435 2083 trarcha,
458 2032 578 2089 quod
601 2047 783 2078 necesse
814 2034 999 2078 baberet
1019 2035 1115 2079 aliis
1148 2035 1343 2080 credere.
1366 2037 1518 2092 Itaque

246 2123 298 2152 ex
320 2110 611 2167 scriptoribus
633 2111 782 2155 latinis
803 2113 953 2155 omnia
981 2128 1081 2170 quae
1113 2113 1168 2157 de
1198 2114 1403 2157 Africano
1430 2118 1518 2157 tra-

246 2185 466 2230 debantur
501 2188 709 2245 colligere
752 2193 1059 2234 consueverat.
1098 2190 1328 2234 Delectum
1371 2194 1519 2234 tamen

246 2263 360 2306 inter
387 2276 437 2306 ea
463 2263 633 2312 babuit,
668 2265 726 2308 ita
748 2269 797 2308 ut
818 2280 918 2322 quee
938 2266 1058 2310 laudi
1084 2271 1210 2311 erant
1230 2272 1514 2317 memoraret,

287 2460 333 2501 (1)
359 2460 470 2500 Trist.‚
491 2470 524 2496 11,
548 2463 623 2494 424.
653 2480 697 2486 —
716 2464 762 2495 Cf.
787 2464 941 2501 LUCPAEJ.5
967 2465 1008 2496 De
1028 2470 1146 2496 nalum
1168 2475 1294 2503 lerum,
1329 2473 1356 2504 J,
1382 2468 1453 2497 125.
1475 2483 1516 2490 -

247 2516 366 2549 HoRAT.
389 2517 510 2559 Esm'sf.7
531 2519 589 2550 lii).
610 2519 649 2556 11,
671 2528 694 2558 1,
715 2522 767 2551 50.
