1865 2959
876 249 920 256 -
950 229 991 264 16
1020 249 1063 255 -

328 326 352 355 e
383 312 500 356 celsa
530 311 668 370 puppi
698 311 881 357 inutiles
916 312 1187 370 triumpho&
1226 313 1412 370 ingratis
1444 315 1606 359 civium

327 404 513 434 suorum
534 390 712 441 animis,
737 391 977 443 volvebat;
1009 395 1142 448 atque
1161 405 1265 443 una,
1292 393 1337 435 in
1365 398 1609 451 conspectu

327 469 497 520 Siciliae,
525 474 700 513 veteres
726 474 926 528 tempore
960 469 1117 527 Reguli
1152 470 1305 527 patriae
1334 470 1482 515 clades
1512 486 1608 515 me-

327 546 545 590 morabat.
571 547 690 591 Varii
723 546 887 591 deinde
915 547 1020 591 bclli
1053 561 1182 591 casus
1205 547 1386 591 brevius
1414 547 1610 591 indican-

328 629 414 677 tur,
436 638 519 669 nec
545 624 808 683 quidquam,
834 626 880 669 in
906 626 1042 683 hujus
1063 625 1164 668 libri
1186 628 1292 678 fine,
1319 626 1405 670 nisi
1430 626 1485 670 de
1517 628 1608 670 Ma-

329 717 445 762 gone
471 708 650 748 mortuo
682 704 916 748 Annibalis
943 705 1165 762 querelas,
1192 718 1363 748 novum
1386 706 1605 750 invenies.

389 782 481 826 VII.
503 807 559 812 —
584 783 633 825 In
664 782 856 840 septimo
883 782 997 826 libro
1028 795 1193 841 magna
1224 796 1295 826 res
1320 787 1415 826 acta
1454 787 1536 836 est,
1567 788 1610 828 et

331 875 433 907 curn
470 860 658 904 historia
701 861 872 904 sensim
920 860 1127 919 congruit
1177 861 1397 918 poematis
1441 862 1605 905 fabula.

330 938 599 983 Annibalem
626 938 762 997 igitur
788 938 998 983 videmus
1032 938 1076 981 in
1104 938 1322 996 Libycum
1361 940 1486 984 littus
1514 954 1612 984 eva-

329 1016 512 1061 dentem
529 1053 539 1069 ‚
574 1016 871 1061 vehementer
898 1020 1151 1061 commotos
1178 1017 1389 1075 utrinque
1415 1018 1607 1070 animos,

330 1095 494 1138 Poenos
536 1093 759 1152 quosdam
795 1095 960 1139 missos
1003 1095 1307 1153 speculatores
1343 1108 1368 1138 a
1400 1096 1611 1141 Romanis

330 1171 655 1230 deprehensos,
677 1177 800 1216 trans
816 1176 975 1225 castra,
999 1172 1202 1230 Scipione
1219 1172 1424 1231 jubente,
1451 1173 1611 1218 ductos

328 1254 461 1307 atque
497 1250 614 1294 ultro
656 1249 883 1294 dimissos.
933 1251 1108 1294 Interea
1146 1250 1242 1308 ipse
1278 1250 1333 1294 de
1382 1251 1608 1309 colloquio

330 1329 527 1386 postulat
547 1327 741 1372 Annibal
774 1345 781 1370 :
820 1328 957 1372 duces
995 1328 1350 1386 congrediuntur
1382 1329 1531 1382 ambo,
1568 1334 1612 1373 et

330 1410 518 1463 uterque
554 1406 754 1465 longam,
793 1406 964 1449 Irritam
998 1410 1252 1464 postremo,
1285 1406 1421 1451 habet
1451 1408 1612 1451 oratio·

331 1496 452 1528 nem.
483 1483 714 1541 Colloquio
732 1483 916 1528 tandem
944 1484 1057 1527 nihil
1075 1488 1226 1528 actum
1246 1490 1313 1529 est
1333 1501 1343 1537 ;
1371 1485 1467 1529 haec
1485 1485 1611 1529 vide-

330 1563 386 1605 rit
406 1562 600 1606 fortuna.
628 1563 810 1606 Frustra
830 1563 876 1606 in
905 1563 1173 1607 concionem
1201 1563 1390 1608 deorum
1423 1564 1613 1608 veniunt

329 1640 468 1684 Roma
494 1644 537 1683 et
559 1640 794 1698 Carthago,
826 1653 955 1684 suam
989 1654 1179 1699 quaeque
1213 1654 1393 1686 causam
1412 1641 1582 1685 dictura
1598 1658 1608 1694 ;

332 1719 477 1763 neutri
519 1717 705 1776 quidem
748 1719 879 1777 plane
919 1720 1164 1764 assentitur
1208 1721 1404 1779 Jupiter,
1443 1720 1612 1778 fatique

331 1809 589 1854 supremam
609 1796 759 1855 legem
780 1797 929 1855 palam
956 1797 1101 1842 facere
1121 1798 1270 1841 renuit
1285 1814 1295 1850 ;
1322 1812 1422 1856 quae
1446 1798 1612 1842 scilicet

331 1875 376 1917 in
409 1875 639 1918 Zamaensi
675 1888 833 1933 campo
866 1875 1002 1920 hodie
1031 1875 1214 1934 patebit.
1245 1878 1330 1920 Res
1358 1877 1525 1920 etenim
1555 1875 1609 1919 ad

331 1955 557 1996 certamen
585 1953 724 2005 venit,
759 1956 802 1997 et
833 1957 935 2011 post
970 1954 1234 1999 acerrimam
1265 1968 1463 2013 pugnam
1496 1955 1611 2013 fugit

333 2030 525 2075 Annibal
551 2047 558 2073 ;
579 2031 847 2089 Carthagine
875 2032 989 2075 nihil
1014 2032 1309 2090 desperatius.

391 2108 503 2152 VIII.
536 2110 723 2152 ——Dum
761 2109 834 2152 alii
875 2124 954 2167 per
986 2114 1129 2154 castra
1163 2111 1404 2154 Poenorum
1437 2111 1609 2169 ingenti

332 2186 483 2245 praeda
508 2186 757 2244 potiuntur,
789 2187 951 2245 aliique
969 2188 1205 2246 paululum
1228 2193 1401 2241 vacant,
1426 2189 1612 2233 consilia

333 2265 450 2309 inter
475 2279 523 2308 sc
538 2265 709 2323 agitant
724 2264 862 2309 duces
887 2265 943 2309 d'e
961 2266 1181 2311 Annibale
1204 2270 1247 2311 et
1266 2266 1487 2310 defutura
1506 2266 1611 2310 belli

333 2343 515 2386 fortuna
536 2358 546 2394 ;
571 2341 753 2386 tandem
775 2343 938 2386 Lzelius
958 2343 1160 2396 Romam,
1183 2343 1415 2387 victoriam
1428 2345 1609 2388 nuntia-

337 2424 478 2472 turus,
523 2420 730 2464 mittitur.
772 2420 974 2465 Necdum
1011 2422 1162 2465 omnia
1200 2422 1304 2465 vicit
1344 2422 1606 2468 AfrIcanus:

335 2511 424 2542 non
445 2498 566 2542 enim
587 2499 730 2544 nescit
760 2498 804 2542 in
832 2499 983 2544 Asiam
1012 2499 1284 2545 Annibalem
1313 2500 1427 2544 clam
1456 2500 1608 2558 profu-
