1865 2959
866 214 1079 248 -224—

326 298 472 339 Moenia
489 298 681 350 praeoipiti
701 298 956 339 circumdans
975 297 1124 338 moenia
1149 297 1266 338 vallo.

325 373 497 423 Jamque
516 370 559 409 in
579 376 797 423 conspeetu
820 370 1074 422 Carthaginis
1096 369 1229 422 ampla
1250 376 1415 423 repente

327 444 464 482 Castra
479 442 596 483 locat.
624 444 717 482 Late
737 441 987 495 fugientibus
1007 454 1101 482 arva
1120 442 1273 482 colonis

326 515 568 565 vastantur3
592 515 797 567 trepidant
820 515 953 555 subita
974 514 1191 555 formidine
1214 516 1321 555 cives

327 586 525 636 Obssossi,
547 586 755 639 solamque
776 587 882 627 viam
905 598 1113 638 superesse
1135 586 1276 626 salutis
1542 589 1621 627 295

326 658 548 699 Absentem
568 671 755 699 revocare
774 659 918 699 ducem
942 658 1113 698 clamore
1132 657 1322 699 fatentur.

327 732 494 783 Legatos
513 731 635 782 igitur
653 731 801 784 raptim
821 731 888 783 qui
912 742 1084 770 munera
1101 729 1224 770 fando

326 805 423 843 Fata
441 802 587 853 ferant,
610 803 796 853 mittunt,
817 808 1088 856 revocantque
1109 802 1158 843 ad
1176 802 1313 855 praelia
1332 804 1495 843 tandem

326 875 488 925 Ultima,
518 881 557 916 et
579 881 782 916 extremos
803 876 941 928 patriae
963 875 1037 916 sub
1057 880 1187 915 morte
1209 875 1381 916 dolores.

325 950 397 987 Ast
418 948 483 988 alii
501 948 544 987 in
563 948 757 1000 Ligurum
778 947 927 988 vallem
948 959 1162 1000 properare
1183 947 1380 1000 J'ubentur
1542 950 1620 988 300

323 1020 457 1060 Classe
478 1019 589 1070 vehi,
611 1025 732 1073 atque
752 1019 832 1060 illis
853 1021 1066 1072 Magonem
1086 1025 1267 1060 avortere
1290 1019 1424 1068 terris,

322 1092 370 1132 Ni
390 1092 571 1142 redeant,
591 1092 731 1144 patrias
752 1104 933 1132 summas
954 1092 1106 1133 instare
1132 1093 1285 1133 ruinas.

323 1163 391 1203 Ille
408 1164 573 1216 quidem
593 1164 782 1217 quamvis
804 1164 988 1204 animum
1009 1164 1142 1216 gravis
1163 1164 1222 1204 ira
1244 1169 1429 1205 cruenter

323 1238 513 1288 Angeret,
536 1236 704 1276 adverso
727 1237 922 1289 quoniam
945 1240 1084 1277 tamen
1110 1248 1252 1289 aspera
1267 1236 1405 1276 Martis

322 1308 500 1349 Vulnera
517 1320 661 1361 passus
679 1313 777 1359 erat,
800 1314 990 1350 metuens
1016 1309 1181 1349 inimica
1203 1309 1404 1361 supremis
1541 1311 1618 1349 305

322 1382 445 1421 Arma
465 1380 599 1431 malis,
622 1381 763 1421 statuit
782 1381 921 1434 patria}
942 1393 1081 1434 parere
1102 1381 1276 1421 vocanti.

322 1454 477 1493 Interea
499 1452 659 1493 blandis
677 1459 854 1494 tererent
873 1454 941 1506 qui
962 1459 1146 1507 ‘tempora
1169 1453 1304 1494 verbis

321 1525 527 1565 Terdenos
545 1530 723 1566 oratores
744 1526 785 1565 in
808 1531 938 1566 eastra
962 1531 1103 1566 senatu

319 1598 535 1637 Poenorum
553 1609 600 1637 ex
621 1597 733 1637 omni
756 1597 880 1638 lectos
903 1610 945 1638 ac
970 1597 1060 1638 ficta
1080 1598 1293 1650 loquentes

319 1670 500 1709 Romano
520 1669 668 1710 misere
688 1670 779 1710 duci
805 1684 813 1709 :
841 1682 1015 1723 quorum
1034 1683 1141 1710 unus
1166 1671 1214 1711 ab
1239 1670 1318 1711 alto
1538 1673 1615 1711 310

320 1743 482 1782 Pectore
508 1742 732 1795 suspirans,
755 1742 945 1795 lacrymis
965 1743 1021 1783 sio
1040 1743 1180 1795 incipit
1201 1742 1299 1783 ortis
1319 1757 1326 1782 :

379 1828 397 1851 α
414 1815 581 1854 Summe
601 1813 768 1864 ducum,
792 1814 857 1855 oui
879 1820 1022 1855 cuneta
1041 1826 1182 1867 parem
1202 1827 1273 1867 per
1293 1813 1437 1855 saecula
1457 1814 1615 1854 nullum

321 1886 495 1926 Mundus
516 1886 639 1927 habet
660 1887 793 1939 prima
819 1899 1042 1928 numerans
1063 1887 1111 1927 ab
1132 1887 1285 1940 origine
1303 1892 1425 1936 retro,

321 1958 550 1999 Visceribus
571 1959 712 2012 patriis
736 1972 825 2012 quae
856 1959 1016 2013 publica
1041 1960 1208 2001 vulnera
1234 1971 1347 2000 saevae

366 2105 442 2135 296.
463 2103 615 2138 Clamare
637 2105 669 2136 in
691 2106 743 2137 ed.
769 2106 856 2143 Bas„
878 2106 1021 2137 clamore
1043 2106 1075 2136 in
1096 2104 1250 2137 omnibus
1270 2114 1331 2136 ms.

366 2162 444 2192 297.
469 2160 590 2193 Fandoe
612 2161 645 2193 in
661 2163 715 2193 ed.
735 2162 824 2198 Bas.,
847 2162 946 2202 fando
967 2163 1000 2194 in
1023 2162 1176 2194 omnibus
1195 2171 1256 2193 ms.

363 2220 439 2249 298.
463 2218 601 2251 Revocet
618 2219 650 2250 in
673 2220 726 2250 ed.
747 2220 836 2255 Bas,
859 2222 1010 2251 revocant
1032 2220 1064 2250 in
1088 2229 1147 2250 ms.
1172 2221 1210 2256 A,
1231 2223 1379 2250 revocent
1403 2219 1436 2250 in
1457 2218 1543 2250 aliis.

365 2277 440 2305 300.
464 2275 500 2306 In
520 2275 678 2307 omissum
700 2276 730 2307 in
755 2277 808 2308 ed.
830 2277 904 2308 Bas.
927 2276 1079 2308 omnibus
1097 2286 1156 2307 ms.
1180 2276 1382 2307 inscribitur.

364 2334 438 2363 303.
463 2330 645 2365 Cruentum
667 2334 700 2364 in
718 2335 769 2365 ed.
795 2335 882 2371 Bas,
905 2337 1056 2365 cruenter
1076 2333 1107 2364 in
1130 2343 1193 2364 ms.
1215 2335 1254 2364 A.

365 2391 441 2420 305.
462 2389 617 2432 Supremf
639 2391 670 2421 in
693 2392 747 2422 ed.
770 2392 860 2428 Bas„
877 2391 1039 2433 supremis
1060 2391 1092 2421 iu
1114 2391 1268 2422 omnibus
1290 2400 1351 2422 msa

366 2449 446 2478 307.
469 2447 635 2485 Tererent,
657 2449 743 2488 quod
766 2451 891 2479 tantum
914 2449 947 2479 in
973 2457 1034 2478 ms.
1060 2448 1082 2478 E
1098 2473 1105 2486 ‚
1131 2457 1189 2487 pro
1212 2452 1354 2485 terre7zt,.
1378 2449 1465 2488 quod
1492 2447 1611 2489 legitur

321 2504 352 2536 in
372 2513 432 2536 ms.
455 2506 492 2543 Α,
512 2505 547 2543 Β,
566 2506 601 2543 C,
622 2507 644 2536 Ι)
669 2509 702 2537 et
718 2506 751 2536 in
768 2507 820 2537 ed.
842 2507 913 2536 Bas.
