1865 2959
827 219 1016 255 —92—

280 304 451 356 Agmina
466 302 693 356 cingebant,
712 315 800 356 quae
823 303 926 344 clam
944 315 1073 344 novus
1091 309 1255 345 auxerat
1269 305 1397 346 hostis

281 375 490 429 {mprobus
510 374 711 415 insultans
730 389 738 414 :
763 375 896 416 visum
917 381 955 416 et
974 376 1076 416 milii
1095 377 1234 417 cedere
1252 377 1332 417 fato

278 447 559 500 Nequidquam
579 447 750 487 vetitum
774 459 865 487 caro
888 459 951 487 me
966 450 1138 500 jungere
1160 448 1289 488 fratri.

281 519 447 560 lnl'erior
467 531 634 560 numero
654 519 829 560 multum
846 519 975 560 tribus
995 520 1175 572 undique
1196 521 1335 561 castris

280 591 481 641 Vallabar,
509 591 764 644 multumque
789 592 886 631 locis
912 592 1082 643 urgebar
1106 592 1271 644 iniquis.

279 666 445 705 Ferrum
467 664 601 704 aderat
618 678 627 714 ;
651 675 742 716 spes
764 664 874 704 nulla
893 663 997 715 fugae
1016 677 1024 702 :
1049 663 1157 716 quod
1176 662 1257 704 fata
1276 664 1461 705 sinebant

278 738 474 788 Tempore
493 735 538 776 in
558 740 743 788 augusto,
769 735 986 775 durissima
1005 740 1165 787 pectora
1182 734 1288 776 ferro

279 808 514 858 Pandilnus‚
533 812 571 848 et
592 807 721 848 vafras
738 807 866 847 Erebo
887 807 1142 848 detrudimus
1164 807 1344 848 umbras.

277 882 337 920 Ira
361 880 552 933 dolorque
571 879 720 919 dabant
739 880 895 919 animos
912 894 922 929 ;
945 891 1009 920 ars
1030 880 1170 920 bellica
1192 891 1394 933 nusquam

278 952 523 1005 Consiliique
546 951 663 991 nihil.
686 954 767 992 Ceu
788 951 887 991 dum
908 951 1107 992 velamina
1132 956 1267 1004 pastor

277 1025 375 1066 Fida
398 1036 540 1077 gerens
565 1024 706 1076 apibus
730 1024 882 1064 belluni
904 1029 1040 1063 movet
1064 1023 1272 1076 improbus
1295 1023 1410 1064 almis
1430 1038 1438 1064 :

278 1099 400 1137 Nocte
420 1096 493 1136 sub
514 1096 683 1136 obscura
702 1095 919 1148 trepidant,
940 1107 1035 1136 111οΧ
1056 1095 1187 1136 dulcia
1205 1101 1360 1137 moestae

278 1169 488 1209 Excedunt
512 1168 623 1220 inopi
644 1167 869 1207 substracta
888 1167 1033 1208 cubilia
1053 1179 1156 1208 cera.

279 1242 375 1282 Inde
392 1246 516 1281 ruunt
536 1252 726 1293 caecaeque
745 1240 939 1290 fremunt,
957 1252 1138 1292 caecoque
1158 1239 1292 1281 volatu

280 1316 512 1366 Importuno
533 1313 688 1355 instant
712 1312 829 1365 capiti
848 1326 856 1351 ;
880 1317 957 1352 stat
978 1312 1145 1353 callidus
1164 1312 1294 1352 hostis

277 1385 508 1439 Inceptique
526 1390 647 1426 tenax
668 1388 910 1438 (postquam
933 1385 1044 1425 irrita
1068 1385 1235 1425 vulnera
1259 1385 1385 1425 victor

279 1458 417 1508 Eruit)
437 1458 690 1510 extirpatque
709 1458 784 1509 piae
807 1456 1007 1497 cunabula
1032 1457 1162 1509 gentis
1185 1471 1193 1496 ;

281 1531 344 1572 Sic
361 1532 454 1582 (ea)
479 1530 562 1570 sola
586 1529 693 1570 salus
711 1529 871 1570 miseris
887 1534 926 1569 et
941 1541 1099 1570 sumina
1118 1529 1319 1582 voluptas.

280 1602 455 1643 lnvisam
469 1602 614 1655 Jaculis
630 1602 842 1655 gladioque
863 1601 991 1642 ultore
1011 1602 1220 1642 cohortem

280 1675 510 1715 Tundimus
529 1680 568 1715 et
582 1675 741 1727 rapidas
759 1674 802 1714 111
822 1673 988 1714 vulnere
1014 1674 1239 1726 linquimus
1262 1675 1356 1714 iras.

281 1747 340 1788 1111
362 1759 410 1787 ex
424 1746 645 1799 composito
668 1745 844 1795 stabant,
867 1757 939 1786 ceu
958 1745 1150 1786 flantibus
1170 1745 1318 1786 austris

280 1819 422 1860 Aerius
443 1818 623 1859 constitit
646 1820 770 1870 ΕΙῪΧ,
794 1823 912 1870 atque
934 1818 1100 1870 astriger
1113 1818 1241 1859 Atlas.

279 1891 383 1941 Quid
403 1892 569 1932 moror?
587 1890 738 1931 incauti
759 1902 965 1931 armorum
982 1890 1056 1931 5111)
1070 1890 1178 1931 nube
1192 1891 1405 1944 virumque

280 1963 524 2013 Obruimur3
551 1962 713 2003 fortuna
734 1974 855 2003 suum
874 1967 984 2003 tenet
1012 1962 1149 2003 invida
1173 1974 1328 2003 morem

280 2036 500 2076 Adversata
520 2034 622 2088 pios.
642 2034 806 2075 Gelidus
826 2034 929 2074 mihi
954 2038 1113 2087 pectore
1139 2035 1302 2087 sanguis

282 2109 481 2157 Haeserat3
501 2118 672 2159 agnosco
693 2106 863 2146 insidias
885 2111 1138 2158 mortemque
1152 2107 1420 2159 propinquam
1442 2120 1451 2146 ι

282 2180 361 2219 Nec
375 2178 477 2218 mihi
498 2178 567 2218 sed
592 2177 729 2230 patriae
755 2183 957 2226 metuens,
979 2190 1051 2230 pro
1066 2183 1247 2230 tempore
1267 2178 1417 2231 raptim

286 2250 491 2303 Ingredior
511 2250 629 2289 dictis
648 2261 797 2289 cuneos
816 2248 977 2289 firmare
997 2249 1178 2290 labantes
1207 2264 1214 2289 :

329 2395 406 2425 268.
429 2393 558 2426 Flentes
575 2393 607 2425 in
629 2395 682 2427 ed.
704 2394 766 2426 Bas
786 2419 794 2433 ‚
815 2397 936 2427 moesloe
954 2394 986 2425 in
1002 2394 1154 2426 omnibus
1175 2403 1237 2425 ms.

327 2453 404 2483 269.
426 2450 600 2484 Subtracta
620 2451 652 2483 in
673 2461 738 2483 uno
759 2460 823 2483 ms.
841 2453 878 2490 E,
899 2451 1062 2484 substrata
1080 2451 1113 2483 in
1133 2451 1218 2482 aliis.

329 2509 404 2540 280.
426 2507 553 2541 Invidia
571 2508 604 2540 in
624 2509 676 2541 ed.
693 2508 781 2547 Bas„
800 2508 910 2541 invida
926 2509 959 2541 in
979 2507 1132 2541 omnibus
1152 2516 1214 2539 ms.

1488 524 1567 562 260
