1865 2959
790 270 834 276 -
860 249 931 285 243
957 269 1001 275 —

260 337 435 387 Impetus
458 333 531 373 hos
551 333 656 384 vulgi
676 332 784 372 ferus
801 332 960 384 excipit,
989 336 1150 383 atraque
1171 331 1317 371 circum

259 408 491 458 Tempestas
517 405 696 456 lapidum
718 404 915 452 exoritur;
935 403 1067 443 fremit
1085 403 1208 454 impia
1228 403 1349 442 turba

260 479 511 528 Intentatque
531 488 688 522 manus,
714 481 751 515 et
770 475 810 514 ni
830 474 1053 514 reverentia
1074 474 1223 513 summi

260 549 375 586 Forte
396 547 650 598 magistratus
671 545 968 595 intervenisset,
997 545 1038 584 in
1067 545 1132 584 illo

257 619 354 657 Jura
374 618 436 656 die
455 617 623 656 humani
643 617 800 668 generis
822 617 966 657 calcata
992 616 1163 655 fuissent

260 689 374 728 Czede
395 688 511 728 truci.
539 688 699 740 Trepidi
716 689 879 727 tandem
899 700 968 740 per
981 687 1112 739 jurgia
1133 692 1172 726 et
1193 686 1344 736 hostes,

260 758 456 799 Praesidiis
474 758 563 798 fulti
581 759 733 810 exiguis
755 759 805 798 ad
826 759 958 798 littora
978 759 1093 810 pauci

258 831 332 870 Vix
350 835 562 882 penetrant
580 835 848 882 repetuntque
868 836 1009 870 ratem.
1031 832 1119 870 Jam
1145 835 1230 869 tuta
1247 829 1371 869 videri

259 901 405 953 Puppis
425 901 472 940 ab
491 901 654 940 incursu
676 907 844 953 poterat7
863 903 946 953 Jam
967 907 1094 941 castra
1114 913 1276 941 suorum

259 972 496 1021 Cernebant,
517 972 647 1012 subito
663 984 753 1012 oum
774 978 854 1012 tres
870 973 918 1012 ad
937 973 1071 1012 littora
1092 985 1213 1013 naves

257 1045 484 1095 Erumpunt
505 1056 553 1083 ex
568 1043 725 1083 insidiis
748 1058 755 1083 :
780 1056 860 1083 non
877 1044 1056 1096 partibus
1075 1045 1198 1097 {equis

258 1117 395 1166 Pugna
411 1115 549 1165 oritur,
572 1115 709 1154 eastris
730 1115 841 1155 littus
867 1117 1045 1155 Romana
1064 1117 1210 1156 relictis

257 1187 428 1238 Agmina
442 1187 483 1225 in
500 1191 724 1226 extremum
746 1193 890 1226 coeunt
909 1187 1079 1228 clamore
1100 1189 1161 1228 vel
1180 1189 1301 1229 armis

258 1260 503 1298 Succursura
531 1258 627 1306 sniS‚
646 1263 684 1297 at
705 1259 793 1310 quis
815 1270 1027 1298 succursus
1056 1259 1097 1298 in
1123 1260 1243 1300 armis
1259 1261 1278 1299 ἶ)

258 1328 375 1368 Unda
394 1328 552 1368 vetabat
567 1329 657 1378 iter,
679 1329 748 1368 sed
770 1330 877 1369 enim
893 1336 1104 1382 conspecta
1126 1343 1291 1371 suorum

261 1401 380 1452 Signa
395 1400 540 1440 (labant
568 1400 740 1440 animos.
762 1402 941 1441 Tandem
963 1404 1141 1442 Romana
1168 1403 1320 1455 sagittis

258 1472 473 1512 Missilibus
498 1478 662 1512 vacuata
677 1474 789 1522 ratis,
818 1485 1008 1513 conversa
1032 1475 1217 1527 malignae

259 1543 515 1584 Subtrahitur
534 1556 677 1596 pugnae
698 1544 822 1584 versis
842 1545 890 1584 ad
913 1545 1044 1585 littora
1064 1548 1199 1596 remiS,

257 1616 313 1655 Ao
338 1615 427 1654 nisu
453 1615 580 1654 valido
601 1616 715 1655 terris
736 1616 846 1656 allisa
863 1615 1009 1656 fatiscit

257 1689 346 1738 Ipsa
361 1686 538 1738 quidem,
561 1688 627 1726 setl
650 1693 826 1728 vectores
847 1689 988 1728 tellure
1010 1690 1131 1740 petita

256 1758 465 1810 Exposuit,
492 1771 631 1798 cursus
651 1764 688 1798 et
710 1771 819 1811 spem
839 1759 1028 1800 frustrata
1047 1767 1301 1813 sequentum.

258 1829 321 1869 Sic
342 1829 459 1882 lupus
482 1830 645 1869 invento
666 1830 802 1882 procul
823 1843 843 1870 a
870 1831 1102 1872 custodibus
1121 1845 1222 1885 agno

257 1901 374 1941 lrruit
399 1906 436 1941 et
451 1902 590 1941 dentes
616 1902 719 1941 acuit
737 1902 969 1954 rabiemque
990 1902 1242 1956 fainenique3

259 1972 301 2012 Si
321 1972 411 2024 fuga
428 1978 524 2013 tuno
539 1973 739 2025 trepidum
761 1974 886 2026 rapiat
906 1975 954 2014 de
974 1974 1155 2015 faucibus
1174 1976 1333 2016 hostem

259 2045 501 2096 Insequitur,
523 2045 759 2097 mordetque
779 2045 924 2085 animis
945 2051 983 2085 et
1001 2047 1165 2087 devorat
1184 2060 1314 2098 auras,

259 2117 391 2155 Donec
411 2116 459 2155 ad
474 2116 628 2168 ignotas
649 2117 780 2156 caulas
806 2123 844 2155 et
865 2118 984 2157 ovilia
1008 2123 1174 2158 ventum
1194 2125 1253 2159 est
1272 2134 1279 2158 :

259 2188 361 2226 Tum
382 2187 547 2227 retrahit
564 2200 741 2237 cursum,
770 2194 889 2229 terret
913 2189 1022 2229 loeus
1044 2191 1143 2242 ipse,
1171 2203 1395 2244 canumque

258 2259 454 2310 Latiarum,
475 2259 674 2312 viridique
696 2260 840 2300 sedens
857 2273 977 2313 super
993 2273 1133 2314 aggere
1152 2268 1299 2315 pastor.

303 2403 380 2434 798.
402 2401 427 2434 A
447 2401 556 2434 littore
573 2402 604 2433 in
624 2404 677 2434 ed.
692 2404 779 2442 Bas„
798 2405 839 2435 ad
858 2405 969 2436 littora
990 2406 1021 2436 in
1037 2416 1096 2437 ms.
1118 2409 1155 2437 A.

303 2460 378 2490 802.
400 2457 497 2490 Acin
517 2460 569 2490 ed.
592 2460 681 2498 Bas,
703 2464 736 2492 at
757 2460 789 2491 in
811 2470 869 2492 ms.
894 2463 931 2501 A,
950 2463 988 2499 B,
1010 2463 1100 2502 c‚,D‚
1121 2464 1157 2494 E.

304 2516 378 2546 803.
404 2514 491 2547 Unde
509 2516 540 2546 in
561 2517 611 2547 od.
630 2517 720 2555 Bas,
744 2517 829 2549 unda
850 2518 882 2549 iu
898 2519 1048 2550 omnibus
1069 2529 1129 2551 ms.

1454 406 1531 443 790

1455 1120 1532 1158 800

1453 1478 1531 1516 805

1453 1838 1530 1876 810

1451 2195 1528 2233 815
