1865 2959
793 224 834 230 —
861 205 931 240 ⁶229
959 224 1000 231 —

260 292 307 329 Et
329 289 526 341 magicum
544 299 729 328 murmur
747 299 991 340 cursumque
1014 289 1189 329 vetantia
1204 289 1325 329 verba

259 361 424 409 Quando
452 360 578 409 audit,
601 371 720 399 rauco
744 360 945 400 violentus
966 359 1097 399 sibilat
1118 372 1198 411 ore,

259 435 305 472 Et
326 444 411 472 sese
433 432 475 471 in
496 432 624 471 nodos
645 431 807 471 sinuoso
829 443 992 483 corpore
1015 436 1160 471 versut.
1458 434 1535 472 4020

259 507 368 556 Saepe
390 514 512 543 manu
533 502 705 542 frontem
728 508 991 555 percusserat,
1013 503 1172 555 udaque
1197 504 1294 543 coelo

260 578 370 628 Saepe
392 574 601 627 supercilia
623 573 830 623 extulerat,
854 586 957 626 saepe
980 574 1140 626 agmina
1160 586 1294 615 rerum

258 647 421 687 Conscia
440 651 523 686 tum
546 645 765 685 multarum
788 645 900 685 oculo
927 651 1187 698 conspexerat
1218 650 1317 686 atro.

256 719 436 759 Tandem
457 722 624 758 moestus
645 717 698 757 ait
716 731 723 756 :
754 719 928 757 «Fatum
950 717 1200 769 Carthaginis
1227 717 1321 757 olim

259 790 427 843 Agnovi,
455 790 693 842 generisque
716 789 795 829 mei
816 788 1070 841 fraternaque
1089 789 1222 829 cervix
1457 792 1535 830 425

256 862 478 902 Admonuit
498 861 595 913 quid
618 873 706 901 sera
726 861 826 900 mihi
847 860 1007 901 fortuna
1028 865 1220 913 parasset.

257 936 371 974 Nunc
394 938 530 973 tamen
558 938 649 972 auto
677 932 811 972 oculos
827 933 913 984 jaim
936 932 1016 972 fata
1037 932 1258 972 novissima
1282 936 1429 973 nostrie

257 1005 375 1046 Urbis
396 1010 434 1045 et
455 1005 661 1045 obscoenas
681 1004 818 1044 videor
843 1009 1019 1055 spectare
1039 1004 1192 1044 ruinas.

259 1079 345 1117 Heu
368 1076 469 1116 mihi
489 1076 696 1128 Carthago,
717 1075 843 1115 dulcis
869 1075 1078 1127 Carthago,
1105 1076 1195 1128 quis
1217 1081 1255 1116 et
1279 1087 1344 1116 me

258 1152 305 1188 Et
324 1154 377 1199 te,
401 1153 440 1189 et
456 1153 514 1188 tot
537 1152 697 1188 nostros
719 1147 830 1187 Latia
855 1147 903 1187 de
924 1152 1041 1199 gente
1062 1147 1291 1200 triumphos
1456 1149 1534 1187 430

257 1220 463 1260 Perdidit?
480 1221 536 1259 Ac
556 1219 672 1259 tacite
695 1218 845 1258 multos
861 1220 947 1270 jam
969 1218 1169 1258 sensimus
1188 1218 1342 1268 hostes,

260 1295 359 1333 Nam
383 1302 568 1332 revocare
587 1290 663 1330 fuit
678 1290 864 1343 quotiens
890 1290 1088 1342 stipendia
1109 1290 1215 1329 mitti

259 1367 329 1404 Est
348 1363 532 1413 vetitum,
556 1362 660 1403 bello
691 1362 906 1402 exhaustas
926 1362 1192 1414 quotiensque
1219 1361 1403 1402 cohortes

260 1436 433 1488 Impleri.
456 1436 528 1475 Ast
548 1435 686 1475 odium
710 1446 818 1474 nunc
843 1434 1008 1484 eminet,
1036 1439 1155 1486 atque
1174 1434 1216 1473 in
1238 1439 1373 1486 aperto

260 1510 335 1548 Res
357 1507 485 1560 agitur
503 1521 511 1546 :
536 1506 762 1557 retrahunt,
784 1512 822 1546 et
845 1518 909 1546 616
930 1518 1067 1558 parere
1091 1517 1255 1546 necesse
1274 1510 1357 1554 est3
1460 1507 1537 1545 435

259 1579 407 1619 Parebo
426 1593 434 1629 3
457 1578 609 1619 invitus
631 1578 704 1618 sibi
724 1590 805 1618 non
823 1578 917 1617 hinc
937 1583 1095 1629 arroget
1113 1577 1241 1617 hostis

258 1654 483 1700 Externus;
504 1662 586 1690 11611
607 1662 672 1690 1116
692 1650 839 1690 totiens
860 1650 1119 1702 pessumdata
1143 1649 1270 1689 vincis

259 1726 399 1773 Roma,
426 1734 499 1763 nec
517 1723 694 1762 Ausonio
717 1721 952 1774 conspirans
975 1721 1115 1761 robore
1140 1720 1275 1761 tellus.

258 1797 318 1836 Me
337 1795 442 1835 cives
461 1795 590 1835 vicere
611 1794 706 1843 mei,
730 1793 919 1846 Latioque
941 1804 1127 1833 meorum

260 1866 414 1907 Invidia
437 1870 555 1919 atque
574 1865 689 1906 dolus
710 1865 879 1918 pellunt,
905 1876 988 1905 non
1012 1863 1150 1904 Martia
1170 1863 1312 1913 virtus,
1460 1864 1538 1902 440

259 1941 337 1980 Nec
359 1938 478 1998 modo
499 1937 712 1978 inhoneste
732 1937 876 1989 poterit
896 1942 979 1977 tam
1000 1936 1203 1977 maximus
1226 1935 1292 1975 ille

304 2091 380 2122 419.
403 2089 503 2122 Audis
522 2088 554 2120 in
575 2090 625 2121 ed.
649 2089 739 2127 Bas„
760 2088 851 2120 audit
873 2087 905 2118 in
926 2088 1078 2120 omnibus
1099 2097 1160 2119 ms.

305 2149 381 2178 423.
404 2146 484 2179 Tum
501 2146 533 2178 16
553 2146 606 2178 ed.
631 2146 719 2184 Bas„
741 2148 808 2176 tam
828 2145 861 2176 16
883 2145 1038 2176 omuibus
1053 2154 1115 2176 ms.

305 2205 382 2235 1025.
403 2202 527 2237 Cornix
545 2203 578 2234 in
594 2203 647 2234 ed.
672 2202 758 2240 Bas.‚
777 2203 886 2234 cervix
900 2202 932 2233 16
950 2201 1104 2233 omnibus
1120 2210 1183 2233 ms.

305 2262 380 2292 427.
407 2261 522 2294 Vestrae
541 2259 574 2291 in
593 2261 644 2292 ed.
665 2260 752 2298 Bas„
773 2263 892 2291 nostrae
912 2259 943 2290 16
965 2259 1117 2291 omnibus
1137 2267 1200 2289 ms.

304 2320 380 2350 4302.
400 2317 472 2352 Non
492 2317 524 2349 in
543 2318 595 2349 ed.
617 2317 706 2355 Bas.‚
723 2326 801 2363 nam
821 2316 854 2348 in
876 2316 1028 2348 omnibus
1048 2325 1109 2348 ms.

305 2377 381 2406 439.
408 2374 538 2407 Vincere
557 2373 591 2404 in
608 2374 662 2405 ed.
684 2374 774 2412 Bas„
795 2373 898 2405 vicere
915 2373 948 2404 16
966 2373 1120 2405 omnibus
1139 2381 1200 2403 ms.

304 2433 381 2464 441.
402 2433 495 2463 Extat
513 2431 547 2462 in
568 2430 717 2472 margine
737 2439 800 2462 ms.
823 2431 847 2461 A
869 2429 957 2462 idem
976 2439 1091 2462 versus
1116 2428 1181 2461 alia
1196 2428 1325 2461 forma:
1356 2427 1420 2461 Nec
1441 2426 1537 2471 modo

256 2489 377 2532 poterit
397 2488 564 2521 inhoneste
571 2510 638 2519 .....
