1865 2959
836 235 876 241 -
905 214 1045 250 264—

297 300 505 340 Vieterum
526 299 633 352 paris
651 298 773 351 leges,
796 311 1038 352 poenanique
1054 298 1211 350 jubere⁷

296 375 356 412 Tu
377 377 513 412 tamen
531 371 636 411 hane
661 371 811 424 patiare
838 383 926 411 reos
945 371 1177 424 i1nponere3
1201 370 1394 411 muletam

294 447 369 486 Ore
389 444 510 484 veliin
528 443 688 496 proprio
711 443 860 483 nostris
883 443 1085 484 erroribus
1107 455 1278 496 aequam.

295 517 499 569 Hesperiae
525 520 676 556 tractus
697 520 816 568 atque
839 528 932 555 arva
952 515 1173 555 novissima
1192 515 1351 564 mundi,

295 589 514 641 AEoliaeque
535 588 682 640 triceps
702 588 825 640 regio,
850 593 887 627 et
909 588 1107 637 Sardinia,
1132 593 1169 627 et
1191 587 1323 627 onmis
1505 589 1581 626 355

299 661 433 702 Insula
454 659 666 712 Tyrrheno
690 665 756 699 aut
774 659 919 711 Libyco
940 659 1100 711 perfusa
1119 657 1317 711 profundo

295 735 439 773 Vestra
459 733 524 772 sit.
548 734 651 772 Hine
672 732 748 772 alia
764 744 810 772 ex
836 732 922 771 aliis
943 731 1167 784 conquirite
1189 742 1324 783 regna,

297 808 352 846 Ite
377 817 448 858 per
469 810 671 845 extremos
691 816 800 854 axes,
829 809 946 857 atque
968 804 1076 844 invia
1097 803 1201 843 ferro

298 877 464 918 Pandite
489 876 683 917 fulmineo
708 891 716 926 3
746 889 858 929 reges
877 876 1022 916 calcate
1045 876 1260 928 superb0s3

298 951 438 990 Vestra
458 949 532 989 sub
554 961 696 989 oeeasu
720 948 899 989 victricia
924 948 1035 1000 sign-‘1
1055 947 1236 988 ferantur
1507 949 1583 988 360

297 1024 340 1062 111
360 1024 543 1071 Boream,
567 1026 605 1061 et
626 1021 721 1061 solis
743 1021 905 1061 tandem
930 1020 1144 1060 volvantur
1166 1019 1214 1059 ad
1234 1024 1359 1060 ortus.

297 1097 376 1135 Nos
397 1099 530 1134 autem
553 1093 711 1146 Libyeis
737 1093 873 1133 aretati
897 1092 1067 1142 finibus,
1088 1093 1182 1132 inde

297 1167 377 1205 Vos
397 1165 583 1205 dominos
601 1177 739 1205 rerum
760 1165 1060 1217 longinquaque
1080 1170 1221 1205 cuncta
1241 1169 1424 1217 regentes

299 1238 482 1291 Imperia,
505 1243 543 1278 et
564 1237 738 1278 inultum
762 1244 945 1290 terraque
966 1237 1148 1290 marique
1165 1237 1400 1277 tremendos

296 1312 532 1360 cernamus,
555 1310 718 1363 Superis
736 1310 1127 1363 postqufflnfatoque
1149 1310 1303 1362 potenti
1509 1311 1586 1350 365

295 1381 584 1434 Estpiaeiturn.
607 1398 622 1419 n
652 1384 827 1422 'santum
848 1382 913 1422 ille
935 1382 1042 1433 gravi
1065 1393 1251 1421 sermone
1269 1380 1450 1434 profatus

297 1453 522 1495 Subticuit:
546 1459 682 1494 contra
702 1454 831 1507 Scipio
851 1455 912 1494 eui
933 1454 1025 1494 taiiu
1049 1454 1178 1494 reddit
1199 1468 1206 1493 ε

304 1528 481 1566 «Certus
507 1538 632 1576 erum,
657 1538 921 1579 quaeeunique
947 1526 1046 1566 inihi
1069 1524 1455 1578 1‘11‘0111issasuissent

295 1598 483 1639 Adventu
502 1598 702 1638 turbanda
720 1604 804 1647 tuo,
826 1610 899 1637 nee
918 1597 1067 1637 foedera
1091 1599 1232 1637 Poenos

295 1673 418 1712 Jussu
433 1671 648 1712 11011111111111
667 1670 730 1711 vel
755 1683 864 1711 saera
888 1673 1014 1711 Deum
1043 1681 1199 1710 servare
1220 1675 1378 1722 paratos
1510 1671 1588 1709 370

298 1744 343 1784 Ni
366 1748 531 1796 cogente
551 1748 674 1783 melu.
704 1744 816 1783 Prius
835 1742 899 1783 hie
918 1743 1050 1795 gravis
1067 1748 1172 1782 astra
1199 1742 1333 1782 volatu

296 1816 468 1856 Scandet
489 1828 631 1869 equus,
656 1816 766 1868 prius
782 1816 848 1856 hie
870 1815 1024 1855 solidus
1046 1828 1116 1867 per
1134 1815 1271 1855 inania
1290 1814 1399 1854 collis

298 1889 498 1930 Ascendet
519 1888 744 1941 coelumque
767 1900 860 1928 cavo
887 1887 1066 1928 subsidet
1088 1890 1247 1927 Averno

299 1962 426 2010 Quaui
447 1959 562 2000 vobis
583 1960 633 1998 sit
655 1959 781 1999 amica
800 1959 898 1998 fides
921 1973 929 1998 :
955 1959 1023 1999 sed
1041 1961 1151 2011 justa
1172 1961 1345 1998 Deorum

301 2033 405 2073 Ultio
426 2033 680 2086 persequitur
699 2037 849 2082 sontes,
873 2032 1119 2084 stirpemque
1134 2030 1343 2084 profanam
1508 2033 1586 2070 375

348 2161 424 2191 352.
447 2159 637 2202 Impendere
654 2159 752 2201 (corr.
777 2159 809 2191 in
844 2169 905 2191 ms.
933 2160 970 2201 A)
992 2158 1112 2201 legitur
1141 2158 1171 2189 iu
1202 2167 1262 2188 ms.
1283 2158 1320 2197 B,
1352 2158 1386 2195 C,
1408 2158 1444 2196 D,
1473 2157 1506 2196 F,
1530 2166 1587 2198 pro

303 2219 484 2260 imponere.

351 2277 427 2306 363.
447 2274 638 2316 Loriqinqua
657 2275 689 2305 in
712 2275 763 2306 ed.
785 2275 873 2309 Bas..
892 2274 1130 2315 lonqinquaque
1152 2273 1182 2303 in
1203 2273 1354 2304 omuibus
1376 2282 1438 2304 ms.

349 2334 426 2364 364.
455 2331 627 2364 Timendos
643 2341 700 2372 pro
723 2331 907 2364 tremendos
923 2331 954 2362 in
976 2340 1036 2362 ms.
1060 2331 1096 2369 R,
1118 2330 1152 2368 C,
1171 2331 1210 2362 D.

350 2390 426 2421 368.
449 2387 576 2422 Fuisset
596 2389 628 2420 in
652 2390 706 2420 ed.
725 2389 813 2426 Bas„
831 2387 1014 2428 fuissentin
1034 2387 1185 2419 omuibus
1207 2397 1268 2419 ms.

351 2449 427 2478 369.
446 2445 577 2479 Foedere
612 2446 643 2477 in
667 2447 719 2478 ed.
742 2447 828 2481 Bas.‚
850 2445 971 2485 soedera
992 2444 1023 2475 in
1044 2445 1196 2477 omnibus
1217 2454 1282 2477 ms.

353 2506 430 2536 373.
452 2503 541 2537 Cano
562 2504 592 2535 in
614 2505 666 2535 ed.
685 2504 775 2542 Bas,
796 2511 872 2534 cavo
892 2503 924 2534 iu
944 2502 1095 2534 omuibus
1116 2512 1176 2535 ms.
