1865 2959
871 217 1080 252 -192-

330 303 453 342 Fama
470 302 582 342 ducis
602 302 710 342 vario
731 300 893 342 fervens
913 301 1143 354 pulsaverat
1164 305 1280 342 aestu.
1539 304 1618 343 285

331 376 504 416 Indoluit
529 376 607 416 cari
629 375 785 416 facinus
806 374 1021 415 miseratus
1042 375 1159 415 amici

331 449 417 486 Dux
440 447 530 499 pius
549 447 629 497 hic,
655 458 873 499 rerumque
895 446 1061 487 modum
1084 458 1220 487 secum
1242 447 1326 499 ipse
1350 447 1576 499 revolvens,

330 521 642 573 Intempestivos
661 525 721 561 est
742 520 965 560 detestatus
983 532 1160 569 amores;

329 594 531 646 Multaque
552 594 593 633 in
611 593 821 634 absentem
843 593 988 633 tacitus
1010 593 1183 633 convitia
1204 592 1334 633 finxit.

329 664 392 705 Sic
413 670 524 717 pater
543 664 721 705 offensus
740 665 961 717 longinquo
982 664 1148 704 verbera
1166 670 1259 705 nato
1539 668 1618 707 290

329 737 510 787 Instruit,
534 742 572 777 et
591 737 779 778 thalamis
800 737 951 776 irarum
972 735 1145 776 fulmina
1165 735 1312 786 fundit,

328 811 419 850 Mox
437 809 551 850 vultu
572 809 713 862 placito
734 814 772 849 et
793 808 897 848 dulci
920 820 1106 848 sermone
1126 808 1367 848 movendus.

326 880 462 921 Altera
482 886 572 934 post
593 881 766 933 primam
786 880 981 933 sequitur,
1004 879 1255 932 populosque
1276 880 1450 920 secundo

325 953 449 992 Fama
471 952 580 993 leves
601 964 763 992 rumore
785 951 911 1004 replet
933 952 1145 991 succedere
1170 952 1310 991 castris

323 1023 549 1076 Syphacem
574 1025 809 1076 victumque
835 1023 938 1063 trahi
960 1038 968 1073 ;
998 1023 1079 1063 ruit
1104 1023 1246 1063 obvius
1271 1023 1406 1063 omnis

323 1094 571 1148 Visendique
592 1095 734 1136 avidus
750 1095 890 1148 positis
910 1096 1108 1135 exercitus
1129 1095 1268 1145 armis,

323 1165 439 1206 Illum
460 1166 665 1216 admirari,
686 1172 805 1220 atque
825 1168 940 1208 illum
962 1168 1162 1209 celebrare
1183 1168 1430 1220 frequentes.

324 1240 442 1278 Hunc
460 1237 575 1278 illum
595 1238 698 1279 bello
720 1240 928 1292 ingentem
949 1241 1164 1293 regnisque
1187 1239 1407 1292 superbum

323 1310 570 1361 Romanum,
595 1313 847 1365 Poenumque
869 1312 1011 1352 ducem
1034 1312 1103 1365 qui
1126 1312 1268 1352 viderit
1293 1323 1374 1351 uno

323 1381 520 1433 Tempore
538 1382 612 1422 sub
628 1383 794 1423 Laribus
815 1396 953 1436 pacem
974 1384 1215 1436 veniamque
1235 1387 1460 1436 precantes.
1538 1385 1616 1423 300

325 1452 478 1505 Cuique
498 1453 599 1494 duos
619 1455 762 1495 mundi
785 1455 972 1496 dominos
993 1468 1076 1496 non
1099 1455 1225 1495 multa
1245 1455 1417 1508 puderet

322 1524 528 1575 Blandiri;
553 1526 615 1566 cui
637 1527 820 1567 certatim
843 1528 1038 1568 solemnia
1057 1533 1251 1580 tanquam

322 1597 424 1636 Vota
444 1598 525 1637 Deo
547 1597 689 1638 fierent
711 1613 720 1648 3
743 1599 805 1639 oui
825 1611 966 1652 regum
986 1599 1190 1639 maximus
1209 1599 1306 1640 olim

321 1667 558 1710 Massinissa
582 1675 694 1710 metu
718 1675 801 1711 toto
827 1671 1070 1712 concesserit
1094 1670 1217 1722 orbe3

321 1742 449 1790 Quem
468 1741 566 1783 facie
586 1743 747 1784 turbata
764 1756 870 1785 nova
890 1743 1052 1785 fortuna
1073 1749 1243 1785 rotasset
1537 1747 1614 1784 305

320 1814 383 1854 Ad
404 1819 552 1855 terram
573 1815 753 1868 impulsu
779 1817 928 1867 subito,
956 1817 1025 1857 vix
1046 1817 1208 1858 credula
1226 1822 1350 1857 tantae

322 1887 448 1927 Corda
472 1887 528 1928 rei
554 1887 729 1940 ingentis
753 1889 869 1942 lapsu
896 1889 1119 1942 stupefacta
1141 1889 1284 1930 ruinae.

322 1959 363 1998 Si
384 1959 474 2012 quis
493 1959 630 2000 Athon
650 1960 783 2001 videat
802 1973 917 2002 verso
939 1973 1008 2002 seu
1029 1961 1177 2002 vertice
1197 1961 1415 2014 Olympum

321 2031 472 2084 Argaeis
491 2032 681 2072 cecidisse
700 2033 828 2080 vadis,
849 2033 1085 2086 Erycisque‚
1108 2038 1321 2085 tuumque,

1539 1025 1590 1064 ἐξ

1594 1025 1617 1062 07.

366 2165 442 2195 287.
467 2164 526 2196 Hic
547 2165 578 2195 in
598 2166 650 2196 ed.
675 2166 746 2196 llas.
771 2166 864 2196 deest
882 2165 913 2196 in
935 2165 1087 2196 omnibus
1108 2174 1170 2196 ms.

365 2222 441 2251 295.
470 2221 593 2254 Victum
616 2221 647 2252 in
666 2223 718 2253 ed.
735 2222 806 2253 Bas.
835 2222 911 2253 etin
929 2231 989 2253 ms.
1012 2222 1050 2259 Α,
1070 2222 1212 2253 vinctum
1232 2222 1265 2253 in
1287 2231 1348 2253 ms.
1368 2222 1403 2260 B,
1418 2222 1454 2259 C,
1470 2222 1506 2259 Ι),
1523 2221 1557 2257 Ε,
1574 2221 1608 2251 F.

365 2279 441 2309 299.
461 2278 587 2310 Ducum
608 2278 640 2309 in
659 2280 710 2309 ed.
734 2279 824 2317 Bas„
845 2278 960 2309 (lucem
982 2278 1014 2308 in
1041 2278 1194 2310 omuibus
1212 2287 1275 2310 ms.

363 2337 439 2367 303.
462 2334 586 2377 Regum
603 2335 719 2377 (corr.)
737 2344 839 2376 supra
859 2345 996 2377 reqnum
1018 2335 1049 2366 in
1072 2345 1136 2367 ms.
1159 2337 1197 2366 Α.
1220 2335 1366 2377 Reynum
1385 2344 1517 2376 quoque
1532 2335 1610 2373 legi-

318 2394 371 2423 tur
391 2392 423 2423 in
445 2401 506 2423 ms.
532 2393 568 2424 F.

361 2450 439 2480 304.
463 2448 672 2482 Concesserat
694 2449 814 2490 (corr.)
831 2450 863 2480 in
883 2459 944 2481 ms.
966 2450 1004 2480 Α.

364 2507 442 2537 308.
467 2505 535 2539 Ceu
553 2516 612 2547 pro
633 2516 690 2538 seu
711 2507 741 2538 in
763 2516 823 2538 ms.
848 2507 881 2537 E.
