1865 2959
817 253 859 259 -
887 234 956 269 376
981 255 1025 259 -

279 318 496 357 Occurrent
514 316 597 356 ludi
621 321 658 357 et
680 317 789 357 vario
807 317 1004 358 celebrata
1026 324 1165 370 paratu

279 391 335 429 Ac
355 388 653 441 consanguineo
673 388 813 429 divum
835 401 943 430 sacra
969 402 1107 443 sparsa
1127 403 1281 433 cruore.
1491 396 1567 432 120

278 463 327 501 Et
351 473 419 501 rex
439 461 642 513 Hesperia}
658 460 798 502 bellaci
826 462 988 503 turbine
1011 464 1156 514 victus,

277 535 408 585 Atque
428 532 632 584 pudicitiae
653 539 862 574 occurrent
882 535 1065 587 exempla
1084 537 1247 576 verendi

279 604 384 644 Mille
405 604 532 653 (lucis,
556 603 730 656 bellique
751 611 959 646 occurrent
980 606 1088 647 inille
1109 607 1280 655 labores,

280 675 503 715 Hasdrubal
528 682 708 716 occurret
728 682 954 717 transvecto
980 678 1107 718 milite
1127 678 1290 727 fractu&

280 748 511 800 Infidusque
530 748 691 801 Syphax
712 749 894 789 ardentia
913 755 1041 790 castra
1063 750 1309 804 relinquens,
1491 754 1567 791 1125»

279 822 327 859 Et
347 822 498 872 majore
518 831 642 860 manu
663 832 758 860 mox
778 820 882 861 bello
905 820 1052 862 fractus
1072 828 1255 875 uterque.

278 893 466 932 Occurret
487 892 666 941 tandein,
695 893 752 932 sie
778 892 857 933 fata
878 895 1055 946 potentia
1076 895 1259 945 volvunt,

278 964 402 1005 Italiae
425 965 600 1005 domitor
619 966 786 1018 trepidae
806 966 1061 1019 Carthaginis
1078 967 1169 1007 altis

277 1036 452 1077 Vocibus
476 1048 670 1077 excussus
695 1038 821 1089 Latio,
843 1043 882 1078 et
902 1038 1125 1079 vincendus
1151 1039 1200 1079 ab
1217 1040 1338 1080 armis

278 1108 477 1149 Hannibal
499 1109 704 1160 Ausoniae,
728 1110 829 1162 proh
846 1110 1001 1151 lubrica
1020 1111 1143 1164 gloria
1164 1111 1325 1152 Martis!
1496 1114 1570 1152 130

278 1181 353 1231 Qui
373 1182 493 1222 modo
518 1183 711 1223 Romanis
731 1182 878 1223 infesto
905 1185 1029 1225 Marte
1050 1185 1285 1225 tremendus

280 1256 354 1293 Par
373 1259 458 1294 erat
476 1254 519 1293 in
544 1254 653 1295 Latio
676 1260 713 1295 et
735 1255 881 1307 Libyca
902 1255 1055 1296 ditione
1073 1256 1283 1308 premebat

278 1328 518 1366 Innumeras
542 1326 676 1377 urbes,
699 1329 912 1367 Parcarum
934 1329 1107 1368 stamine
1127 1340 1259 1378 verso,

279 1399 441 1451 Cogitur
461 1399 509 1439 ad
527 1399 664 1452 patriae
690 1399 843 1440 belluni
869 1400 1086 1441 transferre
1106 1402 1328 1453 juvamem

279 1471 434 1524 Quique
458 1472 577 1512 modo
599 1484 770 1524 pugnas,
794 1472 935 1513 alienis
959 1473 1098 1513 intulit
1120 1485 1231 1513 arina
1494 1475 1569 1512 11:35

280 1543 461 1593 Finibus,
484 1556 534 1584 en
555 1544 725 1597 supplex
745 1545 974 1598 patriamne)
995 1545 1195 1598 domoque
1215 1550 1416 1598 receptus,

280 1618 423 1657 Paceni
445 1621 530 1657 orat
550 1628 770 1670 paceinque
788 1619 990 1658 recensuit
1009 1631 1096 1659 esse
1114 1620 1351 1672 petenda1n3

281 1689 436 1742 Quique
455 1689 576 1729 modo
594 1689 744 1740 lentus,
767 1703 837 1742 per
857 1691 994 1743 praelia
1017 1690 1143 1731 inulta
1162 1691 1435 1744 triumphans,

282 1765 326 1802 In
346 1762 455 1802 Latio
478 1762 634 1802 Latium
653 1762 852 1813 vincebat,
877 1765 1023 1803 Poenus
1050 1763 1093 1803 in
1119 1764 1227 1822 arvis

283 1833 467 1874 Punioeis
486 1833 660 1886 fugiens,
680 1835 827 1875 misera
849 1835 1089 1888 Cartbagine
1110 1840 1211 1876 teste
1492 1840 1568 1877 140

281 1905 478 1954 Vincitur,
509 1911 547 1946 et
566 1906 729 1946 tandein
752 1907 818 1946 vix
838 1912 978 1959 quarto
999 1908 1127 1948 milite
1150 1908 1268 1948 cedit.

284 1979 386 2029 Ergo
408 1977 457 2017 de
479 1978 603 2018 tantis
627 1978 747 2018 etiam
766 1990 858 2019 cuni
881 1979 1008 2019 multa
1029 1980 1248 2032 supersint,

284 2051 379 2098 Qua}
396 2054 533 2090 tamen
550 2051 691 2091 omitto
709 2063 849 2092 versus
870 2052 910 2091 in
935 2057 1076 2092 cuncta
1094 2052 1307 2092 trahantur

284 2125 484 2163 Incertum
504 2136 592 2176 qua}
614 2125 743 2176 prima
762 2125 886 2175 canis,
909 2126 1086 2178 quidque
1107 2125 1219 2177 eligis
1240 2125 1318 2165 alio

283 2195 470 2236 Carmine
494 2196 725 2236 dicendum.
746 2198 845 2236 Nam
868 2198 973 2249 quod
996 2197 1116 2237 simul
1138 2197 1273 2237 omnia
1292 2209 1467 2250 promas
1496 2201 1572 2238 145

283 2268 451 2308 Credere
472 2280 546 2308 nos
564 2268 750 2321 prohibet
771 2269 893 2309 series
914 2269 1147 2321 longissima
1166 2280 1317 2309 reruni.

284 2339 388 2389 Quin
413 2340 535 2380 eliam
557 2340 728 2380 dubium
748 2340 930 2381 Parnassi
954 2341 1130 2393 tegmine
1150 2340 1350 2393 numquid

282 2411 434 2452 Nobilis
452 2412 629 2453 historia>
649 2412 835 2465 fingendo
856 2412 995 2453 lumen
1019 2414 1067 2453 ad
1087 2413 1264 2454 umbras,

283 2484 361 2525 Sed
380 2496 472 2525 vero
493 2484 656 2537 propius
677 2490 736 2524 est
756 2489 793 2524 te
815 2484 950 2524 divina
969 2485 1143 2525 Maronis
