1865 2959
796 239 1007 274 —333-

269 324 445 365 Detinuit
460 323 628 375 lotaeque
646 323 767 362 boves
787 322 827 361 in
848 321 1001 374 gurgite
1019 322 1163 359 Tusco.
1460 322 1538 359 875

268 396 338 435 Hic
354 406 511 447 quoque
531 394 695 434 Sublicii
709 393 843 446 pontis
861 392 940 445 pila
959 391 1129 431 discolor
1148 390 1248 430 acris

267 466 424 506 Coclitis
444 464 653 506 admonuit
674 469 883 515 statuaque
903 461 1071 514 insignis
1095 460 1280 513 equestri.

266 537 333 577 Ille
353 538 462 577 locus
482 536 612 577 tenuit
634 535 734 575 fixos
751 535 794 574 in
820 533 973 586 virgine
995 538 1120 573 torva.

265 609 367 648 Hinc
388 609 522 649 sedem
543 607 636 648 solis
650 607 848 647 mirantur
867 610 905 645 et
921 617 1040 645 aurea
1053 603 1217 655 templa,

265 680 514 732 Tellurisque
533 680 713 727 domum,
736 677 1005 730 Capitoliaque
1025 675 1103 715 alta
1124 678 1315 727 paventes
1460 674 1538 713 880

266 752 498 792 Ascendunt
517 752 731 803 ipsumque
748 754 891 802 putant
908 748 1137 799 contingere
1157 746 1317 786 coelum.

264 824 337 864 Hic
355 823 531 863 hominis
555 828 672 875 caput
695 822 906 861 inventum
927 818 1172 860 fodientibus
1194 818 1272 858 alte

264 894 463 934 Audivere
481 894 591 946 prius
611 893 747 945 patriae
767 896 951 945 portenta
976 889 1115 938 coacti,

265 968 313 1005 Et
334 964 526 1005 bubalum
548 965 738 1004 damnare
763 974 896 1011 suum,
920 961 1222 1013 subigendaque
1242 959 1348 1011 turpi

264 1036 371 1077 Colla
387 1038 496 1088 jugo,
520 1041 558 1076 et
579 1036 667 1076 duri
686 1034 877 1087 praesagia
895 1037 1001 1073 certa
1019 1032 1180 1072 laboris.
1460 1032 1537 1069 880

1476 1034 1482 1047 ι
1516 1032 1534 1052 ευ

264 1108 335 1147 Hic
351 1108 491 1148 cellam
509 1107 641 1147 videre
662 1106 786 1155 Jovis‚
807 1117 885 1158 qua
905 1104 1024 1144 ditior
1042 1114 1212 1155 usquam

263 1178 377 1218 Nulla
395 1178 484 1227 fuit,
507 1189 753 1230 censumque
774 1177 850 1217 alta
873 1175 946 1216 sub
964 1180 1101 1215 mente
1122 1178 1343 1226 repostum,

262 1249 497 1301 Liminaque
518 1248 745 1289 innumeris
766 1249 852 1300 jzim
872 1253 968 1287 tunc
987 1245 1133 1286 calcata
1151 1244 1385 1297 triumphis,

263 1324 311 1361 Et
336 1321 474 1361 niveos
495 1332 633 1360 currus
653 1325 690 1359 et
713 1325 824 1371 rapta
843 1331 890 1358 ex
910 1317 1094 1358 hostibus
1115 1328 1241 1365 arma,

261 1395 392 1433 Aurea
410 1403 649 1444 magnorum
668 1402 825 1430 necnon
850 1390 1078 1430 diademata
1101 1399 1257 1439 regum,
1461 1387 1538 1425 890

262 1467 501 1516 Sceptraque
527 1468 564 1503 et
585 1462 759 1502 armillas
780 1468 817 1501 et
841 1462 1002 1513 dempta
1020 1460 1186 1500 monilia
1206 1458 1320 1507 collo,

262 1539 572 1587 Gemmatosque
591 1534 740 1583 frenos,
764 1533 960 1585 sellasque
981 1544 1029 1572 ex
1044 1532 1184 1572 ordine
1203 1530 1398 1576 eburnas;

261 1608 332 1648 Hic
351 1609 525 1660 clypeos,
549 1606 772 1659 fractasque
791 1610 895 1645 retes
916 1617 960 1644 ac
985 1604 1134 1644 Punica
1159 1603 1270 1655 signa

259 1682 307 1719 Et
326 1679 508 1732 phaleras
528 1690 675 1718 novere
703 1690 818 1717 suas:
844 1677 1066 1728 tacitusque
1087 1687 1156 1727 per
1177 1685 1318 1714 omnes

259 1753 404 1791 Luctus
424 1751 470 1790 iit
487 1750 630 1791 veteris
649 1748 825 1789 referens
844 1747 1011 1799 vestigia
1030 1746 1140 1787 belli.
1459 1744 1536 1782 895

305 1942 380 1971 876.

304 1997 379 2027 881.

304 2054 378 2084 882.

304 2110 380 2141 883.

304 2167 378 2197 884.

260 2231 323 2253 ms.

302 2280 378 2310 886.

302 2337 377 2367 888.

303 2394 378 2424 893.

303 2452 379 2481 894.

303 2509 378 2538 895.

401 1938 601 1982 δαρρὶίοὶἱ...
625 1939 705 1970 atris
725 1938 756 1969 in
777 1939 828 1969 ed.
847 1938 935 1975 Bas„
955 1935 1132 1970 Sublimi...
1156 1935 1239 1965 acris
1257 1933 1289 1964 in
1309 1942 1369 1964 ms.
1389 1933 1426 1969 Α,
1445 1932 1480 1970 Ε,
1501 1932 1536 1962 F.

402 1996 444 2028 Et
461 2005 594 2037 quoeque
614 1995 647 2026 in
668 1996 719 2026 ed.
742 1996 832 2033 Bas,
854 1995 1022 2036 ipsumque
1042 1992 1074 2023 in
1092 1990 1243 2022 omnibus
1263 1999 1323 2021 ms.

400 2051 524 2086 Ominis
540 2053 571 2083 in
592 2053 643 2084 ed.
666 2052 725 2082 Bas
745 2076 754 2090 ,
770 2051 909 2082 hominis
930 2051 962 2081 in
983 2049 1134 2081 omnihus
1152 2056 1212 2078 ms.

399 2108 524 2142 Goaetae
545 2108 577 2140 in
595 2109 647 2140 ed.
671 2109 760 2144 Bas..
780 2108 883 2139 coacti
904 2107 935 2138 in
956 2106 1107 2139 omnibus
1126 2113 1189 2135 ms.

400 2165 602 2198 liubulam...
635 2174 726 2197 suem
753 2164 785 2196 in
805 2165 858 2197 ed.
888 2165 974 2203 Bas„
996 2161 1190 2194 bubalum...
1213 2168 1308 2191 suum
1330 2157 1363 2190 in
1383 2157 1536 2189 omnibus

400 2278 525 2313 Coelum
544 2279 578 2311 in
596 2279 648 2311 ed.
666 2279 754 2316 Bas.⁹
777 2277 893 2309 cellam
910 2276 942 2308 in
964 2275 1116 2308 omnibus
1136 2283 1200 2305 ms.

398 2335 536 2368 Lumina
557 2345 653 2377 quam
674 2336 706 2367 in
721 2335 772 2366 ed.
793 2335 881 2372 Bas„
904 2334 1081 2373 liminaque
1098 2331 1130 2362 in
1146 2329 1297 2362 omnibus
1315 2339 1373 2361 ms.

402 2392 517 2425 Factas
536 2393 568 2423 iii
587 2394 639 2424 ed.
661 2393 748 2429 Bas„
765 2391 885 2431 fractas
905 2392 936 2421 in
955 2389 1108 2421 omnihus
1125 2397 1184 2419 ms.

399 2449 524 2481 Movere
545 2450 578 2481 in
598 2451 650 2480 ed.
678 2450 768 2485 Bas.,
788 2447 954 2479 unverein
976 2456 1035 2477 nis.
1055 2446 1093 2483 Α,
1111 2445 1147 2481 Β,
1167 2444 1201 2481 C,
1220 2445 1259 2481 D,
1278 2443 1311 2472 E.

400 2505 500 2538 Lutus
526 2506 558 2537 in
579 2506 632 2538 ed.
654 2506 746 2541 Bas„
766 2504 870 2536 luctus
891 2503 924 2535 in
943 2502 1095 2534 omnibus
1113 2510 1173 2532 ms.
