1865 2959
920 233 965 240 ..
992 214 1037 249 38
1065 233 1106 241 -

433 300 603 345 Tardus
624 299 809 358 quidem
836 299 880 342 in
912 298 1223 357 excogitando,
1262 298 1497 356 Virgilium
1521 299 1653 342 etiam

372 378 559 422 minime
581 377 796 428 imitatus,
818 390 889 421 res
909 380 1059 434 gestas
1081 376 1298 435 Scipionis
1322 376 1496 421 exiliter
1517 382 1559 420 et
1578 390 1656 434 ge-

372 456 462 500 lide
495 455 703 514 exposuit
738 454 989 507 Petrarcha,
1021 459 1154 512 atque
1189 455 1249 497 ita
1282 455 1478 498 narravit
1510 454 1658 512 potius

372 548 509 593 quam
533 533 709 577 cecinit.
738 533 859 576 Nihil
892 532 1013 576 aliud
1035 533 1137 589 egit,
1171 546 1195 575 a
1215 536 1341 576 sexto
1362 532 1476 576 libro
1510 531 1658 590 impri-

372 613 458 656 mis
486 625 630 670 usque
651 610 707 654 ad
730 611 885 658 finem,
912 624 1047 668 quani
1064 613 1112 653 ut
1136 609 1297 653 tradita
1317 623 1340 652 a
1363 609 1656 667 scriptoribus

373 690 571 748 antiquis
585 688 793 733 versibus
815 687 984 737 ederet,
1004 687 1141 731 modo
1162 688 1304 731 effusa
1321 686 1653 745 substringens,

374 768 511 812 modo
539 767 735 812 breviter
767 766 886 810 dicta
909 766 1136 825 copiosius
1157 765 1364 809 dilatans.
1395 766 1505 810 Fere
1526 765 1658 809 undi-

375 860 463 905 que
483 848 752 890 revocantur
778 845 824 888 in
846 844 1114 889 memoriam
1136 844 1287 902 potius
1309 856 1444 901 quam
1463 843 1547 901 ipsi
1573 843 1658 886 ad—

377 924 663 968 mirationem
699 925 887 967 movent
924 921 1106 980 perlecti
1134 921 1189 964 ab
1229 934 1281 965 eo
1305 922 1560 980 scriptores,
1603 922 1659 964 ita

376 1006 426 1046 ut
451 1000 561 1060 quid
580 1001 649 1045 sui
677 1000 734 1044 sit
754 999 989 1059 peculiaris
1010 999 1179 1057 ingenii
1202 1013 1300 1043 raro
1324 999 1471 1057 palam
1489 999 1656 1043 fecerit.

376 1078 630 1137 Aliquando
657 1078 915 1122 luculentus
942 1076 1173 1121 traductor
1197 1077 1402 1135 praelium
1421 1078 1663 1121 Zamaense

377 1157 605 1210 describit,
649 1160 726 1199 aut
753 1155 1000 1214 quemdam
1031 1169 1186 1199 casum
1228 1154 1283 1197 ab
1322 1155 1408 1198 alio
1447 1155 1662 1212 scriptore

376 1235 624 1279 indicatum
656 1234 862 1292 pluribus
896 1233 1046 1278 verbis
1086 1247 1177 1276 non
1218 1232 1497 1291 ineleganter
1539 1246 1663 1275 exse-

377 1314 544 1372 quitur,
573 1316 671 1356 tum
692 1326 834 1370 quum
860 1311 1252 1369 Carthaginienses
1274 1311 1447 1369 legatos
1466 1310 1661 1354 concivi-

378 1392 463 1435 bus
490 1390 676 1448 captivis
693 1403 832 1448 prope
854 1391 1005 1433 Romfe
1024 1389 1191 1433 mienia
1204 1392 1490 1432 occurrentes
1513 1388 1656 1445 fingit.

379 1469 484 1513 Ideo
519 1469 677 1527 spiritu
713 1472 832 1512 caret
864 1471 1006 1511 totum
1044 1480 1241 1519 carmen,
1284 1480 1431 1524 neque
1464 1480 1660 1523 unquam

377 1547 682 1605 inexspectata
703 1545 874 1603 quaevis
896 1559 967 1589 res
1000 1545 1219 1589 lectorem
1237 1546 1366 1603 juvat
1397 1548 1440 1588 et
1461 1548 1595 1588 tenet.
1622 1545 1663 1587 Si

379 1626 480 1683 quis
502 1625 624 1669 enim
654 1624 775 1683 prius
812 1624 1074 1667 Ciceronem
1099 1627 1176 1667 aut
1203 1623 1379 1667 Livium
1407 1622 1659 1681 perlegerit,

380 1703 493 1746 nihil
519 1703 580 1746 illi
598 1703 692 1761 jam
715 1702 836 1755 novi,
876 1702 991 1745 nihil
1015 1702 1104 1760 apti
1128 1701 1183 1745 ad
1220 1700 1566 1746 delectationem
1588 1714 1662 1744 oc-

380 1784 544 1825 curret.

440 1859 522 1903 Vix
545 1857 773 1903 interdum
794 1858 1002 1916 quiedam
1034 1861 1273 1915 emergunt
1299 1857 1411 1909 loca,
1436 1857 1481 1900 in
1500 1856 1663 1914 quibus

381 1940 586 1982 vetorum
621 1936 823 1980 oblivisci
859 1939 904 1981 et
930 1936 986 1980 de
1008 1936 1244 1980 petrarcha
1272 1934 1493 1979 recordari
1517 1934 1659 1978 liceat.

381 2017 551 2073 Nempe
580 2014 747 2073 passim
773 2028 827 2059 ex
850 2014 939 2058 imo
973 2013 1107 2058 corde
1132 2013 1280 2071 potius
1311 2026 1446 2070 quam
1485 2025 1538 2056 ex
1567 2025 1663 2056 eru-

382 2093 475 2137 dito
497 2093 648 2137 animo
673 2105 832 2136 versus
860 2106 967 2136 suos
990 2091 1268 2150 exprompsit
1296 2107 1304 2134 :
1336 2090 1518 2134 meliora
1543 2090 1662 2134 enim

383 2184 562 2228 semper
588 2170 784 2214 carmina
818 2184 918 2227 quae
944 2169 1082 2213 animi
1112 2170 1297 2213 affectus
1328 2167 1533 2212 redolent
1555 2182 1662 2212 con-

383 2248 511 2292 didit.
558 2248 689 2292 Modo
736 2247 1022 2292 concordiam
1068 2262 1169 2305 qua}
1206 2248 1321 2291 inter
1365 2246 1572 2290 Publium
1621 2250 1664 2290 et

383 2326 567 2371 Cneium
597 2326 849 2384 Scipionem
880 2325 1060 2384 vigebat
1093 2325 1178 2369 fert
1204 2324 1257 2367 ad
1287 2324 1484 2374 cselum;
1526 2322 1663 2367 modo

384 2404 713 2463 Sophonisbarn
748 2405 871 2447 illam
895 2405 964 2447 cui
1001 2404 1260 2461 eonjugium
1288 2407 1331 2446 et
1356 2407 1549 2446 mortem
1573 2416 1663 2446 une

384 2481 455 2526 die
476 2482 624 2525 attulit
643 2482 900 2525 Massinissa
917 2494 1052 2538 quam
1075 2481 1332 2525 felicissime
1352 2479 1553 2538 depingit
1573 2495 1580 2521 :
