<?xml version="1.0" encoding="UTF-8"?>
<!DOCTYPE html PUBLIC "-//W3C//DTD XHTML 1.0 Transitional//EN"
    "http://www.w3.org/TR/xhtml1/DTD/xhtml1-transitional.dtd">
<html xmlns="http://www.w3.org/1999/xhtml" xml:lang="en" lang="en">
 <head>
  <title>
</title>
<meta http-equiv="Content-Type" content="text/html;charset=utf-8" />
  <meta name='ocr-system' content='tesseract 3.04.00' />
  <meta name='ocr-capabilities' content='ocr_page ocr_carea ocr_par ocr_line ocrx_word'/>
</head>
<body>
  <div class='ocr_page' id='page_1' title='image "africa1872petr_0288.png"; bbox 0 0 1865 2959; ppageno 0'>
   <div class='ocr_carea' id='block_1_1' title="bbox 887 282 1099 318">
    <p class='ocr_par' dir='ltr' id='par_1_1' title="bbox 887 282 1099 318">
     <span class='ocr_line' id='line_1_1' title="bbox 887 282 1099 318; baseline -0.005 0"><span class='ocrx_word' id='word_1_1' title='bbox 887 282 1099 318; x_wconf 72' lang='lat'>—276-</span> 
     </span>
    </p>
   </div>
   <div class='ocr_carea' id='block_1_2' title="bbox 323 366 1627 2157">
    <p class='ocr_par' dir='ltr' id='par_1_2' title="bbox 323 366 1627 2157">
     <span class='ocr_line' id='line_1_2' title="bbox 347 366 1338 422; baseline 0 -14"><span class='ocrx_word' id='word_1_2' title='bbox 347 369 407 408; x_wconf 91' lang='lat' dir='ltr'>Tu</span> <span class='ocrx_word' id='word_1_3' title='bbox 425 372 539 421; x_wconf 88' lang='lat' dir='ltr'>potes</span> <span class='ocrx_word' id='word_1_4' title='bbox 560 372 599 408; x_wconf 86' lang='lat' dir='ltr'>et</span> <span class='ocrx_word' id='word_1_5' title='bbox 619 366 757 418; x_wconf 86' lang='lat' dir='ltr'>facies,</span> <span class='ocrx_word' id='word_1_6' title='bbox 775 368 855 410; x_wconf 87' lang='lat' dir='ltr'>nisi</span> <span class='ocrx_word' id='word_1_7' title='bbox 877 369 1009 422; x_wconf 85' lang='lat' dir='ltr'>primo</span> <span class='ocrx_word' id='word_1_8' title='bbox 1028 368 1070 408; x_wconf 88' lang='lat' dir='ltr'>in</span> <span class='ocrx_word' id='word_1_9' title='bbox 1090 367 1230 409; x_wconf 88' lang='lat' dir='ltr'>limine</span> <span class='ocrx_word' id='word_1_10' title='bbox 1251 368 1338 409; x_wconf 87' lang='lat' dir='ltr'>coeli</span> 
     </span>
     <span class='ocr_line' id='line_1_3' title="bbox 345 440 1260 483; baseline 0.001 -2"><span class='ocrx_word' id='word_1_11' title='bbox 345 442 535 481; x_wconf 82' lang='lat' dir='ltr'>Fatorum</span> <span class='ocrx_word' id='word_1_12' title='bbox 554 452 631 481; x_wconf 78' lang='lat' dir='ltr'>vox</span> <span class='ocrx_word' id='word_1_13' title='bbox 652 440 873 482; x_wconf 80' lang='lat' dir='ltr'><strong>intrantem</strong></span> <span class='ocrx_word' id='word_1_14' title='bbox 892 442 1079 482; x_wconf 76' lang='lat' dir='ltr'>exaudita</span> <span class='ocrx_word' id='word_1_15' title='bbox 1102 440 1260 483; x_wconf 85' lang='lat' dir='ltr'>fefellit.</span> 
     </span>
     <span class='ocr_line' id='line_1_4' title="bbox 343 513 1438 566; baseline 0.001 -13"><span class='ocrx_word' id='word_1_16' title='bbox 343 513 445 565; x_wconf 85' lang='lat' dir='ltr'>Ergo</span> <span class='ocrx_word' id='word_1_17' title='bbox 463 524 557 565; x_wconf 81' lang='lat' dir='ltr'>age3</span> <span class='ocrx_word' id='word_1_18' title='bbox 579 513 827 566; x_wconf 84' lang='lat' dir='ltr'>supplicibus</span> <span class='ocrx_word' id='word_1_19' title='bbox 851 518 1014 566; x_wconf 85' lang='lat' dir='ltr'>pateant</span> <span class='ocrx_word' id='word_1_20' title='bbox 1029 514 1095 566; x_wconf 90' lang='lat' dir='ltr'>pia</span> <span class='ocrx_word' id='word_1_21' title='bbox 1112 519 1272 566; x_wconf 79' lang='lat' dir='ltr'>pectora</span> <span class='ocrx_word' id='word_1_22' title='bbox 1288 513 1438 565; x_wconf 89' lang='lat' dir='ltr'>verbis,</span> 
     </span>
     <span class='ocr_line' id='line_1_5' title="bbox 343 584 1627 638; baseline 0.003 -14"><span class='ocrx_word' id='word_1_23' title='bbox 343 584 455 625; x_wconf 86' lang='lat' dir='ltr'>Celso</span> <span class='ocrx_word' id='word_1_24' title='bbox 468 596 630 637; x_wconf 81' lang='lat' dir='ltr'>parens,</span> <span class='ocrx_word' id='word_1_25' title='bbox 643 584 856 625; x_wconf 89' lang='lat' dir='ltr'>hominum</span> <span class='ocrx_word' id='word_1_26' title='bbox 873 597 963 638; x_wconf 88' lang='lat' dir='ltr'>spes</span> <span class='ocrx_word' id='word_1_27' title='bbox 982 597 1142 626; x_wconf 88' lang='lat' dir='ltr'>summa</span> <span class='ocrx_word' id='word_1_28' title='bbox 1156 590 1194 626; x_wconf 86' lang='lat' dir='ltr'>et</span> <span class='ocrx_word' id='word_1_29' title='bbox 1211 585 1294 626; x_wconf 90' lang='lat' dir='ltr'>sola</span> <span class='ocrx_word' id='word_1_30' title='bbox 1314 585 1530 627; x_wconf 88' lang='lat' dir='ltr'>bonorum.</span> <span class='ocrx_word' id='word_1_31' title='bbox 1549 588 1627 628; x_wconf 82' lang='lat'>650</span> 
     </span>
     <span class='ocr_line' id='line_1_6' title="bbox 342 657 1422 711; baseline 0.002 -14"><span class='ocrx_word' id='word_1_32' title='bbox 342 657 560 697; x_wconf 81' lang='lat' dir='ltr'>Audieram</span> <span class='ocrx_word' id='word_1_33' title='bbox 581 657 798 710; x_wconf 88' lang='lat' dir='ltr'>imperium</span> <span class='ocrx_word' id='word_1_34' title='bbox 824 662 940 698; x_wconf 74' lang='lat' dir='ltr'>terrae</span> <span class='ocrx_word' id='word_1_35' title='bbox 959 657 1168 711; x_wconf 78' lang='lat' dir='ltr'>pelagique</span> <span class='ocrx_word' id='word_1_36' title='bbox 1187 670 1422 711; x_wconf 88' lang='lat' dir='ltr'>supremum</span> 
     </span>
     <span class='ocr_line' id='line_1_7' title="bbox 342 729 1341 782; baseline 0.002 -13"><span class='ocrx_word' id='word_1_37' title='bbox 342 730 392 769; x_wconf 87' lang='lat' dir='ltr'>Et</span> <span class='ocrx_word' id='word_1_38' title='bbox 416 729 657 770; x_wconf 84' lang='lat' dir='ltr'>circumfuso</span> <span class='ocrx_word' id='word_1_39' title='bbox 679 730 874 782; x_wconf 85' lang='lat' dir='ltr'>quidquid</span> <span class='ocrx_word' id='word_1_40' title='bbox 894 741 1150 782; x_wconf 85' lang='lat' dir='ltr'>quocumque</span> <span class='ocrx_word' id='word_1_41' title='bbox 1171 730 1245 770; x_wconf 85' lang='lat' dir='ltr'>suh</span> <span class='ocrx_word' id='word_1_42' title='bbox 1270 742 1341 771; x_wconf 82' lang='lat' dir='ltr'>axe</span> 
     </span>
     <span class='ocr_line' id='line_1_8' title="bbox 342 801 1278 854; baseline 0.001 -13"><span class='ocrx_word' id='word_1_43' title='bbox 342 801 550 842; x_wconf 78' lang='lat' dir='ltr'>Clauditur</span> <span class='ocrx_word' id='word_1_44' title='bbox 569 803 724 843; x_wconf 90' lang='lat' dir='ltr'>Oceano</span> <span class='ocrx_word' id='word_1_45' title='bbox 748 802 856 842; x_wconf 87' lang='lat' dir='ltr'>Latio</span> <span class='ocrx_word' id='word_1_46' title='bbox 874 801 922 842; x_wconf 84' lang='lat' dir='ltr'>do</span> <span class='ocrx_word' id='word_1_47' title='bbox 943 802 1138 854; x_wconf 83' lang='lat' dir='ltr'>sanguine</span> <span class='ocrx_word' id='word_1_48' title='bbox 1173 803 1278 843; x_wconf 90' lang='lat' dir='ltr'>natis</span> 
     </span>
     <span class='ocr_line' id='line_1_9' title="bbox 341 874 1400 928; baseline 0.003 -15"><span class='ocrx_word' id='word_1_49' title='bbox 341 874 539 925; x_wconf 85' lang='lat' dir='ltr'>Promitti‚</span> <span class='ocrx_word' id='word_1_50' title='bbox 562 874 632 915; x_wconf 86' lang='lat' dir='ltr'>sed</span> <span class='ocrx_word' id='word_1_51' title='bbox 652 874 744 927; x_wconf 91' lang='lat' dir='ltr'>quis</span> <span class='ocrx_word' id='word_1_52' title='bbox 764 874 839 914; x_wconf 89' lang='lat' dir='ltr'>nisi</span> <span class='ocrx_word' id='word_1_53' title='bbox 865 879 909 914; x_wconf 90' lang='lat' dir='ltr'>tu</span> <span class='ocrx_word' id='word_1_54' title='bbox 930 879 1013 915; x_wconf 89' lang='lat' dir='ltr'>tam</span> <span class='ocrx_word' id='word_1_55' title='bbox 1032 874 1198 927; x_wconf 86' lang='lat' dir='ltr'>grandia</span> <span class='ocrx_word' id='word_1_56' title='bbox 1217 874 1400 928; x_wconf 82' lang='lat' dir='ltr'>profert?</span> 
     </span>
     <span class='ocr_line' id='line_1_10' title="bbox 337 946 1622 999; baseline 0.001 -13"><span class='ocrx_word' id='word_1_57' title='bbox 337 947 452 986; x_wconf 87' lang='lat' dir='ltr'>Nunc</span> <span class='ocrx_word' id='word_1_58' title='bbox 472 950 608 987; x_wconf 86' lang='lat' dir='ltr'>autem</span> <span class='ocrx_word' id='word_1_59' title='bbox 627 958 711 987; x_wconf 88' lang='lat' dir='ltr'>non</span> <span class='ocrx_word' id='word_1_60' title='bbox 728 958 851 999; x_wconf 89' lang='lat' dir='ltr'>regna</span> <span class='ocrx_word' id='word_1_61' title='bbox 872 951 965 999; x_wconf 89' lang='lat' dir='ltr'>peto</span> <span class='ocrx_word' id='word_1_62' title='bbox 985 960 993 986; x_wconf 81' lang='lat' dir='ltr'><em>z</em></span> <span class='ocrx_word' id='word_1_63' title='bbox 1029 946 1079 986; x_wconf 88' lang='lat' dir='ltr'>sit</span> <span class='ocrx_word' id='word_1_64' title='bbox 1098 951 1186 987; x_wconf 85' lang='lat' dir='ltr'>tuta</span> <span class='ocrx_word' id='word_1_65' title='bbox 1204 951 1434 987; x_wconf 78' lang='lat' dir='ltr'>merentum</span> <span class='ocrx_word' id='word_1_66' title='bbox 1545 950 1622 987; x_wconf 75' lang='lat'>655</span> 
     </span>
     <span class='ocr_line' id='line_1_11' title="bbox 337 1018 1300 1071; baseline 0.002 -13"><span class='ocrx_word' id='word_1_67' title='bbox 337 1018 529 1068; x_wconf 81' lang='lat' dir='ltr'>Libertas,</span> <span class='ocrx_word' id='word_1_68' title='bbox 550 1019 666 1060; x_wconf 86' lang='lat' dir='ltr'>liceat</span> <span class='ocrx_word' id='word_1_69' title='bbox 683 1019 887 1060; x_wconf 84' lang='lat' dir='ltr'>sitientem</span> <span class='ocrx_word' id='word_1_70' title='bbox 914 1018 1121 1071; x_wconf 78' lang='lat' dir='ltr'>sanguinis</span> <span class='ocrx_word' id='word_1_71' title='bbox 1140 1018 1300 1060; x_wconf 87' lang='lat' dir='ltr'>hostem</span> 
     </span>
     <span class='ocr_line' id='line_1_12' title="bbox 335 1091 1215 1144; baseline 0 -13"><span class='ocrx_word' id='word_1_72' title='bbox 335 1093 368 1132; x_wconf 86' lang='lat' dir='ltr'><strong>A</strong></span> <span class='ocrx_word' id='word_1_73' title='bbox 384 1092 537 1144; x_wconf 86' lang='lat' dir='ltr'>jugulis</span> <span class='ocrx_word' id='word_1_74' title='bbox 555 1104 687 1133; x_wconf 87' lang='lat' dir='ltr'>arcere</span> <span class='ocrx_word' id='word_1_75' title='bbox 712 1091 828 1140; x_wconf 82' lang='lat' dir='ltr'>meis,</span> <span class='ocrx_word' id='word_1_76' title='bbox 856 1092 887 1131; x_wconf 92' lang='lat' dir='ltr'>si</span> <span class='ocrx_word' id='word_1_77' title='bbox 910 1092 1030 1144; x_wconf 88' lang='lat' dir='ltr'>digna</span> <span class='ocrx_word' id='word_1_78' title='bbox 1050 1091 1215 1144; x_wconf 87' lang='lat' dir='ltr'>rogaris.</span> 
     </span>
     <span class='ocr_line' id='line_1_13' title="bbox 335 1164 1359 1217; baseline 0.001 -14"><span class='ocrx_word' id='word_1_79' title='bbox 335 1164 376 1204; x_wconf 87' lang='lat' dir='ltr'>Si</span> <span class='ocrx_word' id='word_1_80' title='bbox 397 1164 498 1204; x_wconf 86' lang='lat' dir='ltr'>mihi</span> <span class='ocrx_word' id='word_1_81' title='bbox 516 1176 599 1205; x_wconf 91' lang='lat' dir='ltr'>non</span> <span class='ocrx_word' id='word_1_82' title='bbox 619 1164 763 1217; x_wconf 86' lang='lat' dir='ltr'>parcis,</span> <span class='ocrx_word' id='word_1_83' title='bbox 789 1164 948 1217; x_wconf 85' lang='lat' dir='ltr'>populis</span> <span class='ocrx_word' id='word_1_84' title='bbox 967 1164 1131 1216; x_wconf 88' lang='lat' dir='ltr'>ignosce</span> <span class='ocrx_word' id='word_1_85' title='bbox 1150 1169 1359 1217; x_wconf 74' lang='lat' dir='ltr'>nepotum,</span> 
     </span>
     <span class='ocr_line' id='line_1_14' title="bbox 333 1236 1375 1289; baseline -0.002 -13"><span class='ocrx_word' id='word_1_86' title='bbox 333 1237 440 1284; x_wconf 85' lang='lat' dir='ltr'>Quos</span> <span class='ocrx_word' id='word_1_87' title='bbox 466 1248 572 1277; x_wconf 88' lang='lat' dir='ltr'>nova</span> <span class='ocrx_word' id='word_1_88' title='bbox 595 1236 748 1289; x_wconf 81' lang='lat' dir='ltr'>relligio</span> <span class='ocrx_word' id='word_1_89' title='bbox 772 1236 889 1277; x_wconf 86' lang='lat' dir='ltr'>faciet</span> <span class='ocrx_word' id='word_1_90' title='bbox 907 1236 980 1276; x_wconf 83' lang='lat' dir='ltr'>tibi</span> <span class='ocrx_word' id='word_1_91' title='bbox 999 1236 1136 1276; x_wconf 84' lang='lat' dir='ltr'>forsan</span> <span class='ocrx_word' id='word_1_92' title='bbox 1163 1236 1326 1276; x_wconf 86' lang='lat' dir='ltr'>amicos.</span> <span class='ocrx_word' id='word_1_93' title='bbox 1358 1251 1375 1274; x_wconf 76' lang='lat' dir='ltr'>n</span> 
     </span>
     <span class='ocr_line' id='line_1_15' title="bbox 387 1308 1619 1362; baseline -0.001 -14"><span class='ocrx_word' id='word_1_94' title='bbox 387 1308 578 1360; x_wconf 78' lang='lat' dir='ltr'>Finierat,</span> <span class='ocrx_word' id='word_1_95' title='bbox 601 1309 883 1362; x_wconf 85' lang='lat' dir='ltr'>stringensque</span> <span class='ocrx_word' id='word_1_96' title='bbox 906 1309 1029 1361; x_wconf 88' lang='lat' dir='ltr'>pedes</span> <span class='ocrx_word' id='word_1_97' title='bbox 1051 1313 1171 1361; x_wconf 86' lang='lat' dir='ltr'>atque</span> <span class='ocrx_word' id='word_1_98' title='bbox 1193 1308 1327 1349; x_wconf 84' lang='lat' dir='ltr'>oscula</span> <span class='ocrx_word' id='word_1_99' title='bbox 1345 1320 1486 1348; x_wconf 87' lang='lat' dir='ltr'>rursus</span> <span class='ocrx_word' id='word_1_100' title='bbox 1541 1311 1619 1349; x_wconf 82' lang='grc'>660</span> 
     </span>
     <span class='ocr_line' id='line_1_16' title="bbox 332 1380 1374 1434; baseline 0 -14"><span class='ocrx_word' id='word_1_101' title='bbox 332 1380 589 1433; x_wconf 85' lang='lat' dir='ltr'>Ingeminans</span> <span class='ocrx_word' id='word_1_102' title='bbox 610 1381 798 1434; x_wconf 73' lang='lat' dir='ltr'>lacrymis</span> <span class='ocrx_word' id='word_1_103' title='bbox 819 1381 997 1422; x_wconf 71' lang='lat' dir='ltr'>haerebat</span> <span class='ocrx_word' id='word_1_104' title='bbox 1019 1385 1058 1422; x_wconf 86' lang='lat' dir='ltr'>ot</span> <span class='ocrx_word' id='word_1_105' title='bbox 1078 1392 1145 1421; x_wconf 89' lang='lat' dir='ltr'>oro</span> <span class='ocrx_word' id='word_1_106' title='bbox 1176 1381 1374 1421; x_wconf 83' lang='lat' dir='ltr'>madenti.</span> 
     </span>
     <span class='ocr_line' id='line_1_17' title="bbox 332 1453 1178 1507; baseline 0 -14"><span class='ocrx_word' id='word_1_107' title='bbox 332 1453 506 1494; x_wconf 84' lang='lat' dir='ltr'>Subrisit</span> <span class='ocrx_word' id='word_1_108' title='bbox 528 1454 642 1495; x_wconf 86' lang='lat' dir='ltr'>vultu</span> <span class='ocrx_word' id='word_1_109' title='bbox 660 1454 779 1494; x_wconf 86' lang='lat' dir='ltr'>tacito</span> <span class='ocrx_word' id='word_1_110' title='bbox 801 1454 999 1495; x_wconf 84' lang='lat' dir='ltr'>stellantis</span> <span class='ocrx_word' id='word_1_111' title='bbox 1018 1454 1178 1507; x_wconf 80' lang='lat' dir='ltr'>Olympi</span> 
     </span>
     <span class='ocr_line' id='line_1_18' title="bbox 331 1525 1226 1579; baseline 0.002 -15"><span class='ocrx_word' id='word_1_112' title='bbox 331 1525 488 1575; x_wconf 79' lang='lat' dir='ltr'>Rector‚</span> <span class='ocrx_word' id='word_1_113' title='bbox 511 1525 560 1565; x_wconf 90' lang='lat' dir='ltr'>ad</span> <span class='ocrx_word' id='word_1_114' title='bbox 581 1525 746 1567; x_wconf 88' lang='lat' dir='ltr'>alterius</span> <span class='ocrx_word' id='word_1_115' title='bbox 765 1531 894 1567; x_wconf 83' lang='lat' dir='ltr'>tactus</span> <span class='ocrx_word' id='word_1_116' title='bbox 913 1526 1105 1579; x_wconf 79' lang='lat' dir='ltr'>praesagia</span> <span class='ocrx_word' id='word_1_117' title='bbox 1124 1527 1226 1567; x_wconf 70' lang='lat' dir='ltr'>szrcli</span> 
     </span>
     <span class='ocr_line' id='line_1_19' title="bbox 330 1597 1430 1650; baseline 0.003 -14"><span class='ocrx_word' id='word_1_118' title='bbox 330 1597 510 1637; x_wconf 80' lang='lat' dir='ltr'>Tandem</span> <span class='ocrx_word' id='word_1_119' title='bbox 534 1597 654 1638; x_wconf 81' lang='lat' dir='ltr'>verba</span> <span class='ocrx_word' id='word_1_120' title='bbox 673 1603 786 1650; x_wconf 83' lang='lat' dir='ltr'>parat</span> <span class='ocrx_word' id='word_1_121' title='bbox 806 1612 814 1648; x_wconf 82' lang='lat'><em>3</em></span> <span class='ocrx_word' id='word_1_122' title='bbox 839 1599 1005 1639; x_wconf 85' lang='lat' dir='ltr'>tremuit</span> <span class='ocrx_word' id='word_1_123' title='bbox 1025 1599 1267 1639; x_wconf 84' lang='lat' dir='ltr'>conterritus</span> <span class='ocrx_word' id='word_1_124' title='bbox 1290 1599 1430 1648; x_wconf 63' lang='lat' dir='ltr'>(ether,</span> 
     </span>
     <span class='ocr_line' id='line_1_20' title="bbox 328 1669 1614 1723; baseline 0 -14"><span class='ocrx_word' id='word_1_125' title='bbox 328 1669 562 1710; x_wconf 81' lang='lat' dir='ltr'>Conticuere</span> <span class='ocrx_word' id='word_1_126' title='bbox 582 1669 678 1722; x_wconf 82' lang='lat' dir='ltr'>poli,</span> <span class='ocrx_word' id='word_1_127' title='bbox 702 1670 811 1710; x_wconf 88' lang='lat' dir='ltr'>siluit</span> <span class='ocrx_word' id='word_1_128' title='bbox 827 1670 1030 1723; x_wconf 87' lang='lat' dir='ltr'>tellusque</span> <span class='ocrx_word' id='word_1_129' title='bbox 1056 1670 1258 1723; x_wconf 74' lang='lat' dir='ltr'>Chaosque</span> <span class='ocrx_word' id='word_1_130' title='bbox 1282 1685 1290 1711; x_wconf 93' lang='lat'>:</span> <span class='ocrx_word' id='word_1_131' title='bbox 1536 1671 1614 1710; x_wconf 59' lang='lat' dir='ltr'>Gor.</span> 
     </span>
     <span class='ocr_line' id='line_1_21' title="bbox 334 1740 1477 1796; baseline 0.004 -18"><span class='ocrx_word' id='word_1_132' title='bbox 334 1740 482 1781; x_wconf 91' lang='lat' dir='ltr'>«Nulla</span> <span class='ocrx_word' id='word_1_133' title='bbox 502 1754 682 1794; x_wconf 86' lang='lat' dir='ltr'>unquam</span> <span class='ocrx_word' id='word_1_134' title='bbox 703 1742 864 1794; x_wconf 89' lang='lat' dir='ltr'>ingenio</span> <span class='ocrx_word' id='word_1_135' title='bbox 894 1743 1024 1795; x_wconf 84' lang='lat' dir='ltr'>patuit</span> <span class='ocrx_word' id='word_1_136' title='bbox 1050 1743 1304 1793; x_wconf 85' lang='lat' dir='ltr'>mortalibus,</span> <span class='ocrx_word' id='word_1_137' title='bbox 1327 1743 1477 1796; x_wconf 80' lang='lat' dir='ltr'>inquit,</span> 
     </span>
     <span class='ocr_line' id='line_1_22' title="bbox 325 1813 1428 1867; baseline 0.001 -14"><span class='ocrx_word' id='word_1_138' title='bbox 325 1813 428 1862; x_wconf 86' lang='lat' dir='ltr'>Quid</span> <span class='ocrx_word' id='word_1_139' title='bbox 448 1818 604 1866; x_wconf 81' lang='lat' dir='ltr'>pareret</span> <span class='ocrx_word' id='word_1_140' title='bbox 625 1818 794 1855; x_wconf 84' lang='lat' dir='ltr'>ventura</span> <span class='ocrx_word' id='word_1_141' title='bbox 815 1814 899 1855; x_wconf 85' lang='lat' dir='ltr'>dies</span> <span class='ocrx_word' id='word_1_142' title='bbox 918 1829 926 1863; x_wconf 83' lang='lat'><em>3</em></span> <span class='ocrx_word' id='word_1_143' title='bbox 948 1814 1002 1855; x_wconf 84' lang='lat' dir='ltr'>sic</span> <span class='ocrx_word' id='word_1_144' title='bbox 1026 1820 1164 1855; x_wconf 87' lang='lat' dir='ltr'>nostra</span> <span class='ocrx_word' id='word_1_145' title='bbox 1184 1820 1428 1867; x_wconf 88' lang='lat' dir='ltr'>premuntur</span> 
     </span>
     <span class='ocr_line' id='line_1_23' title="bbox 323 1886 1204 1939; baseline 0.002 -13"><span class='ocrx_word' id='word_1_146' title='bbox 323 1886 510 1937; x_wconf 85' lang='lat' dir='ltr'>Consilia,</span> <span class='ocrx_word' id='word_1_147' title='bbox 533 1898 675 1927; x_wconf 87' lang='lat' dir='ltr'>arcano</span> <span class='ocrx_word' id='word_1_148' title='bbox 703 1886 758 1927; x_wconf 88' lang='lat' dir='ltr'>sic</span> <span class='ocrx_word' id='word_1_149' title='bbox 773 1888 889 1939; x_wconf 87' lang='lat' dir='ltr'>jussa</span> <span class='ocrx_word' id='word_1_150' title='bbox 912 1887 1071 1928; x_wconf 83' lang='lat' dir='ltr'>silentia</span> <span class='ocrx_word' id='word_1_151' title='bbox 1090 1887 1204 1928; x_wconf 87' lang='lat' dir='ltr'>coelo.</span> 
     </span>
     <span class='ocr_line' id='line_1_24' title="bbox 323 1957 1288 2012; baseline 0.002 -14"><span class='ocrx_word' id='word_1_152' title='bbox 323 1959 372 1997; x_wconf 87' lang='lat' dir='ltr'>Et</span> <span class='ocrx_word' id='word_1_153' title='bbox 392 1957 464 1998; x_wconf 85' lang='lat' dir='ltr'>tibi</span> <span class='ocrx_word' id='word_1_154' title='bbox 484 1970 573 2011; x_wconf 82' lang='lat' dir='ltr'>quae</span> <span class='ocrx_word' id='word_1_155' title='bbox 588 1963 744 2012; x_wconf 86' lang='lat' dir='ltr'>partem</span> <span class='ocrx_word' id='word_1_156' title='bbox 764 1971 965 2000; x_wconf 86' lang='lat' dir='ltr'>memoras</span> <span class='ocrx_word' id='word_1_157' title='bbox 982 1960 1142 2000; x_wconf 84' lang='lat' dir='ltr'>audisso</span> <span class='ocrx_word' id='word_1_158' title='bbox 1160 1959 1288 2000; x_wconf 83' lang='lat' dir='ltr'>futuri</span> 
     </span>
     <span class='ocr_line' id='line_1_25' title="bbox 324 2031 1609 2084; baseline 0.001 -14"><span class='ocrx_word' id='word_1_159' title='bbox 324 2032 432 2071; x_wconf 88' lang='lat' dir='ltr'>Intra</span> <span class='ocrx_word' id='word_1_160' title='bbox 451 2031 651 2072; x_wconf 87' lang='lat' dir='ltr'>sidereum</span> <span class='ocrx_word' id='word_1_161' title='bbox 673 2032 805 2084; x_wconf 85' lang='lat' dir='ltr'>potuit</span> <span class='ocrx_word' id='word_1_162' title='bbox 826 2032 1057 2084; x_wconf 87' lang='lat' dir='ltr'>contingere</span> <span class='ocrx_word' id='word_1_163' title='bbox 1080 2032 1205 2073; x_wconf 87' lang='lat' dir='ltr'>limen</span> <span class='ocrx_word' id='word_1_164' title='bbox 1530 2034 1609 2071; x_wconf 80' lang='grc' dir='ltr'><strong>6Ἶο</strong></span> 
     </span>
     <span class='ocr_line' id='line_1_26' title="bbox 323 2103 1363 2157; baseline 0.001 -14"><span class='ocrx_word' id='word_1_165' title='bbox 323 2103 509 2144; x_wconf 80' lang='lat' dir='ltr'>Exterius</span> <span class='ocrx_word' id='word_1_166' title='bbox 533 2104 718 2145; x_wconf 84' lang='lat' dir='ltr'>sonuisse</span> <span class='ocrx_word' id='word_1_167' title='bbox 742 2105 897 2157; x_wconf 83' lang='lat' dir='ltr'>nequit,</span> <span class='ocrx_word' id='word_1_168' title='bbox 920 2105 998 2145; x_wconf 91' lang='lat' dir='ltr'>nisi</span> <span class='ocrx_word' id='word_1_169' title='bbox 1018 2104 1189 2146; x_wconf 83' lang='lat' dir='ltr'>forsitan</span> <span class='ocrx_word' id='word_1_170' title='bbox 1217 2105 1363 2145; x_wconf 86' lang='lat' dir='ltr'>ardens</span> 
     </span>
    </p>
   </div>
   <div class='ocr_carea' id='block_1_3' title="bbox 362 2350 1604 2451">
    <p class='ocr_par' dir='ltr' id='par_1_3' title="bbox 362 2350 1604 2451">
     <span class='ocr_line' id='line_1_27' title="bbox 364 2350 982 2384; baseline 0.002 -2"><span class='ocrx_word' id='word_1_171' title='bbox 364 2353 440 2383; x_wconf 64' lang='lat'><strong>647.</strong></span> <span class='ocrx_word' id='word_1_172' title='bbox 463 2350 576 2384; x_wconf 85' lang='lat' dir='ltr'>Primo</span> <span class='ocrx_word' id='word_1_173' title='bbox 598 2351 755 2384; x_wconf 77' lang='lat' dir='ltr'>omissum</span> <span class='ocrx_word' id='word_1_174' title='bbox 776 2352 809 2384; x_wconf 87' lang='lat' dir='ltr'>in</span> <span class='ocrx_word' id='word_1_175' title='bbox 831 2353 885 2384; x_wconf 82' lang='lat' dir='ltr'>ed.</span> <span class='ocrx_word' id='word_1_176' title='bbox 910 2352 982 2383; x_wconf 78' lang='lat' dir='ltr'>Bas.</span> 
     </span>
     <span class='ocr_line' id='line_1_28' title="bbox 362 2407 1604 2451; baseline -0.002 -10"><span class='ocrx_word' id='word_1_177' title='bbox 362 2410 439 2441; x_wconf 67' lang='lat'><strong>654.</strong></span> <span class='ocrx_word' id='word_1_178' title='bbox 461 2408 600 2441; x_wconf 78' lang='lat' dir='ltr'>Proestat</span> <span class='ocrx_word' id='word_1_179' title='bbox 616 2409 646 2440; x_wconf 86' lang='lat' dir='ltr'>in</span> <span class='ocrx_word' id='word_1_180' title='bbox 665 2410 718 2442; x_wconf 86' lang='lat' dir='ltr'>ed.</span> <span class='ocrx_word' id='word_1_181' title='bbox 738 2408 964 2451; x_wconf 76' lang='lat' dir='ltr'>Ras.‚pr0sert</span> <span class='ocrx_word' id='word_1_182' title='bbox 984 2408 1016 2440; x_wconf 89' lang='lat' dir='ltr'>in</span> <span class='ocrx_word' id='word_1_183' title='bbox 1038 2417 1099 2440; x_wconf 86' lang='lat' dir='ltr'>ms.</span> <span class='ocrx_word' id='word_1_184' title='bbox 1119 2410 1163 2446; x_wconf 67' lang='lat' dir='ltr'>Ag</span> <span class='ocrx_word' id='word_1_185' title='bbox 1184 2410 1218 2440; x_wconf 83' lang='lat' dir='ltr'>lu</span> <span class='ocrx_word' id='word_1_186' title='bbox 1238 2407 1396 2440; x_wconf 86' lang='lat' dir='ltr'>omissum</span> <span class='ocrx_word' id='word_1_187' title='bbox 1410 2407 1443 2439; x_wconf 91' lang='lat' dir='ltr'>in</span> <span class='ocrx_word' id='word_1_188' title='bbox 1458 2407 1511 2439; x_wconf 86' lang='lat' dir='ltr'>ed.</span> <span class='ocrx_word' id='word_1_189' title='bbox 1528 2407 1604 2438; x_wconf 84' lang='lat' dir='ltr'>Bas.</span> 
     </span>
    </p>
   </div>
   <div class='ocr_carea' id='block_1_4' title="bbox 358 2465 1466 2624">
    <p class='ocr_par' dir='ltr' id='par_1_4' title="bbox 358 2465 1466 2624">
     <span class='ocr_line' id='line_1_29' title="bbox 361 2465 1364 2510; baseline -0.002 -12"><span class='ocrx_word' id='word_1_190' title='bbox 361 2468 438 2500; x_wconf 82' lang='grc'><strong>656.</strong></span> <span class='ocrx_word' id='word_1_191' title='bbox 459 2467 625 2510; x_wconf 70' lang='grc' dir='ltr'>Βαηῃιιίηε</span> <span class='ocrx_word' id='word_1_192' title='bbox 647 2466 679 2498; x_wconf 89' lang='lat' dir='ltr'>in</span> <span class='ocrx_word' id='word_1_193' title='bbox 698 2467 750 2499; x_wconf 85' lang='lat' dir='ltr'>cd.</span> <span class='ocrx_word' id='word_1_194' title='bbox 774 2467 862 2504; x_wconf 60' lang='lat' dir='ltr'>Bas„</span> <span class='ocrx_word' id='word_1_195' title='bbox 883 2465 1054 2507; x_wconf 66' lang='lat' dir='ltr'>sanquinis</span> <span class='ocrx_word' id='word_1_196' title='bbox 1075 2465 1105 2497; x_wconf 89' lang='lat' dir='ltr'>in</span> <span class='ocrx_word' id='word_1_197' title='bbox 1130 2465 1284 2497; x_wconf 85' lang='lat' dir='ltr'>omnibus</span> <span class='ocrx_word' id='word_1_198' title='bbox 1305 2474 1364 2497; x_wconf 79' lang='lat' dir='ltr'>ins.</span> 
     </span>
     <span class='ocr_line' id='line_1_30' title="bbox 360 2521 1466 2563; baseline -0.005 -6"><span class='ocrx_word' id='word_1_199' title='bbox 360 2527 437 2558; x_wconf 76' lang='lat'><strong>662.</strong></span> <span class='ocrx_word' id='word_1_200' title='bbox 457 2525 622 2559; x_wconf 80' lang='lat' dir='ltr'>Stillantis</span> <span class='ocrx_word' id='word_1_201' title='bbox 643 2525 676 2557; x_wconf 89' lang='lat' dir='ltr'>in</span> <span class='ocrx_word' id='word_1_202' title='bbox 694 2526 748 2557; x_wconf 88' lang='lat' dir='ltr'>ed.</span> <span class='ocrx_word' id='word_1_203' title='bbox 771 2525 860 2563; x_wconf 67' lang='lat' dir='ltr'>Bas„</span> <span class='ocrx_word' id='word_1_204' title='bbox 880 2523 1044 2556; x_wconf 75' lang='lat' dir='ltr'>stellantis</span> <span class='ocrx_word' id='word_1_205' title='bbox 1064 2521 1095 2553; x_wconf 86' lang='lat' dir='ltr'>in</span> <span class='ocrx_word' id='word_1_206' title='bbox 1120 2532 1181 2554; x_wconf 87' lang='lat' dir='ltr'>ms.</span> <span class='ocrx_word' id='word_1_207' title='bbox 1204 2523 1240 2561; x_wconf 84' lang='lat' dir='ltr'>A,</span> <span class='ocrx_word' id='word_1_208' title='bbox 1264 2522 1301 2561; x_wconf 88' lang='lat' dir='ltr'>B,</span> <span class='ocrx_word' id='word_1_209' title='bbox 1320 2522 1353 2560; x_wconf 92' lang='lat' dir='ltr'>C,</span> <span class='ocrx_word' id='word_1_210' title='bbox 1374 2523 1411 2561; x_wconf 89' lang='lat' dir='ltr'>D,</span> <span class='ocrx_word' id='word_1_211' title='bbox 1434 2522 1466 2553; x_wconf 81' lang='lat' dir='ltr'>F.</span> 
     </span>
     <span class='ocr_line' id='line_1_31' title="bbox 358 2580 1292 2624; baseline -0.005 -9"><span class='ocrx_word' id='word_1_212' title='bbox 358 2584 435 2615; x_wconf 83' lang='lat'><strong>669.</strong></span> <span class='ocrx_word' id='word_1_213' title='bbox 458 2582 590 2616; x_wconf 79' lang='lat' dir='ltr'>Patrem</span> <span class='ocrx_word' id='word_1_214' title='bbox 612 2583 643 2614; x_wconf 85' lang='lat' dir='ltr'>id</span> <span class='ocrx_word' id='word_1_215' title='bbox 665 2583 718 2615; x_wconf 85' lang='lat' dir='ltr'>ed.</span> <span class='ocrx_word' id='word_1_216' title='bbox 740 2582 830 2622; x_wconf 61' lang='lat' dir='ltr'>Bas„</span> <span class='ocrx_word' id='word_1_217' title='bbox 849 2584 978 2624; x_wconf 79' lang='lat' dir='ltr'>partem</span> <span class='ocrx_word' id='word_1_218' title='bbox 1002 2580 1034 2612; x_wconf 87' lang='lat' dir='ltr'>in</span> <span class='ocrx_word' id='word_1_219' title='bbox 1056 2580 1208 2612; x_wconf 80' lang='lat' dir='ltr'>omnibus</span> <span class='ocrx_word' id='word_1_220' title='bbox 1230 2589 1292 2611; x_wconf 83' lang='lat' dir='ltr'>nis.</span> 
     </span>
    </p>
   </div>
  </div>
 </body>
</html>
