1865 2959
874 257 1084 294 —386-

332 342 445 391 Quod
464 346 569 381 recte
590 341 738 393 placuit
758 346 896 382 tenero
918 341 1127 395 rigidoque
1148 341 1317 395 placebit

331 413 445 462 Quod
463 424 546 453 non
567 413 702 453 sedato
724 413 892 454 ducetur
913 413 1032 455 corde
1051 413 1183 454 senili.
1540 418 1616 456 130

329 484 498 526 Difficile
518 489 592 535 est,
614 485 862 536 mihicrede,
884 485 993 538 loqui
1021 497 1093 526 sua
1112 485 1291 526 criminis
1309 491 1354 527 ut
1371 498 1453 527 non

331 557 512 612 Suspicio
542 557 595 596 sit
615 562 723 597 certa
737 556 860 597 fides:
884 557 1062 598 docearis
1081 557 1123 597 in
1141 557 1232 598 isto.

330 629 567 670 Parthenias
587 630 786 682 numquid
813 629 968 670 cunctis
982 629 1058 669 suit
1076 629 1206 670 hostis
1226 630 1382 671 amicus

330 704 435 742 Dum
455 706 621 742 cunctos
641 701 784 754 spoliat
803 714 927 754 seque
946 707 986 742 et
1005 702 1213 754 componit
1232 702 1275 742 in
1289 702 1369 742 illis
1539 705 1614 743 135

330 773 522 826 Culpatus
540 773 634 814 furti
653 785 816 814 causam
838 773 1032 823 defendit,
1064 778 1104 814 et
1127 785 1215 814 esse

329 847 380 886 Se
399 845 576 898 pugilem
591 844 737 886 fortem
756 857 840 886 non
858 844 990 886 furem
1014 845 1116 885 dixit
1137 844 1389 886 habendum.

327 919 415 958 Non
439 918 670 959 individuas
696 923 854 958 atomos
875 929 1054 958 resecare
1074 917 1256 958 volentes

327 990 576 1042 Scriptorum
589 1002 717 1042 genus
734 1001 855 1030 omne
876 1001 1034 1030 sacrum
1049 989 1358 1043 humanumque
1369 994 1409 1031 et
1421 989 1611 1043 abyssum

327 1062 512 1103 Vidimus
533 1067 572 1103 et
592 1062 670 1103 levi
690 1062 758 1103 vix
778 1062 834 1103 sic
858 1063 1060 1103 evasimus
1081 1067 1179 1103 arte.

326 1137 403 1175 Cur
423 1147 506 1175 non
526 1134 722 1175 ediderim
737 1137 822 1188 jam
849 1134 941 1175 scis.
964 1135 1067 1184 Quid
1088 1134 1203 1187 plura
1218 1134 1419 1187 requiris?
1536 1137 1613 1175 140

327 1207 368 1246 Si
388 1206 464 1246 fuit
479 1207 669 1247 ardendae
688 1219 806 1248 mens
827 1207 929 1248 :hoc
948 1207 1021 1247 tibi
1045 1207 1236 1260 carpserit
1254 1219 1398 1257 unum,

326 1278 474 1318 Discite
494 1279 683 1319 mortales
705 1279 924 1332 perituram
947 1284 1129 1319 temnere
1151 1278 1316 1319 famam.

327 1350 495 1403 Maqnus
513 1351 614 1390 enim
636 1351 744 1390 labor
766 1358 821 1390 est
840 1364 992 1403 mayme
1011 1350 1184 1391 custodia
1202 1352 1335 1404 famoe.

325 1422 498 1471 Quaesito
518 1435 711 1476 responsa
731 1423 822 1464 latis
841 1435 933 1464 reor
955 1422 1092 1474 affore,
1113 1435 1232 1475 porro

326 1494 476 1535 Ultima
491 1494 711 1535 visceribus
731 1495 879 1536 condas
901 1495 987 1535 haec
1007 1495 1155 1536 credito
1181 1495 1352 1545 condam
1534 1499 1610 1536 145

324 1565 456 1608 Africa
471 1565 627 1608 frenata
645 1572 706 1608 est
724 1567 839 1608 docto
862 1567 1110 1608 moderanda
1130 1567 1336 1619 magistro.

372 1732 447 1761 143.
469 1731 527 1763 Hic
542 1740 655 1763 versus
674 1731 793 1772 legitur
810 1731 842 1762 in
862 1730 986 1771 Africa,
1007 1738 1064 1768 vn,
1085 1732 1161 1762 292.
