1865 2959
810 192 950 228 —252
979 212 1019 218 —

280 279 434 321 Sentiat
452 279 682 319 abstrusum
705 278 905 318 introrsus
924 282 1152 330 turgescere
1172 281 1326 330 pectus,

280 352 478 392 Horrescit
498 352 633 404 pejora
651 351 817 400 timens,
836 355 1072 402 pestemque
1092 350 1267 402 priorem

280 426 413 477 Optat,
437 428 474 464 et
493 423 534 463 in
555 434 725 475 regnum
746 422 878 462 cordis
899 422 1006 462 dolet
1032 433 1119 462 esse
1141 427 1333 461 coactam.

281 497 344 537 Sic
365 500 497 536 metus
516 495 738 535 exstinctus
765 494 948 543 minime,
970 494 1060 533 lieet
1078 493 1192 533 hoste
1212 497 1380 542 remoto,

280 570 428 609 Verum
451 567 526 607 alio
548 566 766 607 translatus
787 566 910 615 idem,
935 566 1175 618 graviusque
1192 564 1387 618 periclum

279 640 507 681 Visceribus
529 651 737 691 superesse
751 643 905 688 monet,
934 649 1207 690 magnumque
1230 636 1399 677 timendi

279 712 367 753 Calc

280 785 350 826 Cui

371 724 413 752 ar
434 717 515 752 erat
536 711 647 752 Fabii
672 722 850 764 praesens
874 710 987 763 quasi
1014 721 1172 762 semper
1188 709 1344 762 imago3

371 784 486 837 longe
507 795 684 836 praesaga
702 783 786 824 viro
805 783 1044 835 sapiensque
1064 781 1189 821 futuri

278 858 392 897 Mens
408 856 552 905 fuerat,
577 860 764 908 certoque
785 855 894 895 velut
914 854 1126 907 prudentia
1152 853 1247 894 vati.

279 928 346 968 Ille
367 928 531 981 quidem
552 927 668 979 vulgo
692 927 832 967 solitus
858 926 1070 979 przedicere
1092 937 1266 978 semper,

280 1000 320 1041 Si
342 1012 365 1052 q

279 1074 368 1111 Tun

277 1146 365 1184 Non

371 1000 501 1039 nando
523 999 694 1052 patriam
713 1004 867 1052 peteret
888 998 996 1038 ferus
1018 997 1233 1047 Hannibal,
1257 996 1345 1037 urbi

374 1084 392 1111 c
412 1083 527 1111 veros
547 1071 696 1111 instare
720 1076 851 1111 metus
875 1075 912 1111 et
938 1070 1069 1110 flebile
1090 1075 1273 1121 tempus:

385 1143 440 1183 ibi
466 1143 649 1183 ductores
671 1143 837 1195 pavidos
861 1154 1056 1195 regesque
1077 1141 1234 1193 fugaces

278 1217 479 1255 Venturos
507 1215 588 1255 acie
613 1215 795 1264 adversa,
822 1226 903 1255 non
923 1214 1023 1255 lecta
1041 1226 1111 1266 per
1131 1225 1245 1266 agros

276 1287 447 1340 Agmina
465 1291 671 1340 pastorum
693 1299 874 1339 propere,
898 1298 1039 1327 verum
1067 1297 1177 1325 arma
1196 1284 1455 1325 tremendum

275 1362 467 1400 Laturuiu
489 1359 775 1409 Hannibalem,
796 1361 912 1412 cujus
935 1369 1150 1398 numerare
1169 1356 1398 1409 triumphos

275 1431 443 1484 Expleat
461 1431 641 1481 annales,
664 1431 798 1484 plures
819 1430 887 1483 qui
905 1430 1068 1471 truserit
1089 1431 1187 1470 Orco

277 1504 469 1545 Romuleo
491 1516 539 1544 ex
568 1503 732 1556 populo,
756 1503 886 1543 viduae
907 1515 1029 1555 quain
1047 1501 1209 1555 liquerit
1228 1500 1344 1550 urhi3

278 1580 351 1618 Ast

373 1576 708 1629 utruiuquelatus
733 1576 883 1616 circuni
903 1575 1087 1628 belloque
1107 1574 1278 1627 geluque

282 1652 449 1689 Duratas
470 1648 667 1701 longaque
684 1648 789 1688 fame
812 1649 958 1689 vallare
977 1648 1160 1688 cohortes
1179 1661 1188 1696 ;

281 1721 385 1770 Quin
404 1721 522 1762 etiam
546 1721 710 1770 multos⁷
738 1721 884 1774 quihus
906 1733 969 1761 ars
989 1719 1247 1761 celeberrima
1267 1716 1418 1771 passim
1438 1721 1496 1757 ost

281 1795 483 1835 Romanos
499 1793 684 1846 jugulare
705 1793 841 1844 duces,
864 1804 1037 1846 quorum
1061 1791 1222 1844 agmina
1240 1788 1359 1830 nudis

326 2025 364 2054 57

328 2082 367 2112 59

328 2138 367 2168 61

330 2196 369 2224 δι

330 2253 370 2282 65

332 2309 371 2338 70

327 2365 368 2394 75

330 2423 369 2451 76

329 2479 369 2509 77

373 2047 379 2054 .
405 2021 564 2056 Graviora
584 2031 641 2063 pro
655 2022 767 2063 peJ‘ora
782 2021 813 2052 in
838 2031 899 2053 ms.
923 2021 958 2059 B,
980 2020 1014 2051 C.
1037 2021 1073 2051 D.

374 2103 382 2111 .
408 2079 457 2112 Sic
478 2079 511 2110 in
529 2080 582 2111 ed.
606 2079 680 2116 Bas,
701 2079 745 2110 sic
766 2078 798 2110 iu
819 2078 973 2110 omnibus
995 2087 1057 2109 ms.

375 2161 382 2168 .
402 2136 505 2168 Movet
526 2137 558 2168 in
581 2138 620 2168 ed
639 2137 713 2174 Bas,
728 2139 837 2167 monet
856 2136 889 2166 in
910 2135 1062 2167 omnibus
1082 2143 1144 2165 ms.

377 2219 383 2226 .
414 2193 501 2225 Trito
523 2203 579 2234 pro
599 2195 686 2225 certo
704 2193 737 2224 in
756 2202 817 2224 ms.
837 2193 874 2230 B,
897 2193 930 2229 C,
950 2193 987 2223 D.

379 2276 384 2282 .
404 2251 600 2284 Praediscere
616 2250 648 2281 in
665 2251 717 2281 ed.
737 2250 824 2288 Bas„
844 2249 1019 2291 proedicere
1041 2249 1073 2280 in
1091 2248 1244 2281 omnibus
1265 2258 1324 2280 ms.

378 2333 386 2339 .
403 2308 536 2349 Proprie
554 2307 585 2338 iu
605 2309 657 2338 ed.
680 2308 767 2344 Bas„
783 2316 921 2349 propere
935 2307 967 2337 iu
989 2316 1051 2337 ms.
1072 2307 1108 2344 A,
1132 2307 1168 2340 Ε,
1192 2306 1225 2336 F.

374 2389 381 2395 .
404 2363 512 2395 Famre
527 2363 633 2394 valere
648 2363 680 2394 in
699 2364 752 2395 ed.
770 2364 857 2400 Bas..
875 2363 962 2404 fame
983 2363 1103 2395 vallare
1126 2363 1157 2393 in
1178 2362 1332 2395 omnibus
1351 2370 1413 2392 ms.

377 2446 382 2452 .
408 2419 531 2462 Quique
552 2420 584 2451 in
604 2421 657 2452 ed.
678 2421 766 2459 Bas„
787 2421 865 2461 quin
889 2420 921 2451 in
942 2421 1096 2452 omnibus
1114 2429 1176 2451 ms.

376 2503 383 2510 .
408 2478 507 2511 Undis
524 2477 558 2510 in
578 2478 630 2510 ed.
649 2478 739 2517 Bas„
760 2477 854 2509 nudis
875 2477 908 2509 iu
927 2477 1079 2508 omnibus
1102 2486 1162 2508 ms.

1509 565 1560 603 60

1512 1287 1562 1324 70

1514 1647 1561 1658 -υ

1521 1659 1564 1684 Ao
