1865 2959
770 226 813 231 -
841 206 910 261 345
936 227 979 232 -

237 290 293 330 Ac
314 287 452 341 procul
473 299 495 328 a
513 287 643 328 bustis
668 288 805 341 abigit.
825 291 909 328 Tua
929 289 1049 341 gloria
1071 290 1223 342 pridem

237 361 395 400 Vicerat
415 359 518 399 lianc
542 364 711 411 pestem,
730 361 895 412 Jamque
915 360 1013 400 altas
1034 365 1120 400 tuta
1142 373 1212 413 per
1237 374 1354 402 auras

237 431 350 482 Fugit
370 430 541 470 humum
561 442 771 482 moresque
788 431 1002 471 hominum
1022 432 1264 485 morbosque
1287 433 1498 485 malignos,

238 504 366 554 Seque
384 513 517 554 parem
539 502 629 542 tulit
650 502 753 541 alma
774 503 877 542 Deis.
904 504 1055 543 Tamen
1077 516 1164 543 ecce
1187 517 1421 556 supremum

240 576 486 613 Incrementa
512 573 618 613 diem
646 572 761 613 famae
789 574 861 613 tibi
887 574 1014 614 multa
1038 575 1226 614 daturum
1466 581 1516 618 40

239 644 407 684 Promisi
425 649 626 696 expertus,
649 657 806 697 quoque
826 646 910 697 ipse
931 658 952 685 a
973 653 1100 686 morte
1117 648 1277 687 recedes

238 716 425 767 Longius,
444 715 520 755 hoc
539 718 667 767 major
685 717 873 757 meritum
894 722 931 757 te
953 717 1057 757 fama
1079 723 1281 770 sequetur.

237 790 432 839 Tempore
452 792 600 827 crescet
620 787 763 837 honos,
785 801 932 841 perque
954 789 1094 829 ultima
1117 790 1259 830 saecula
1280 792 1419 831 mundi

236 860 374 900 Clarus
395 860 486 909 eris,
507 860 633 900 virtus
654 860 844 912 quoniam
865 873 948 900 non
970 861 1088 901 altius
1110 862 1182 901 ibit

235 934 477 971 Descensum
498 943 636 971 vereor
654 946 662 980 3
688 932 755 971 sed
776 937 912 972 nostra
930 933 1072 985 peritia
1091 932 1200 972 fandi
1465 938 1515 975 45

234 1003 421 1043 Nondum
443 1003 686 1054 propositam
708 1003 830 1043 valuit
850 1004 1080 1056 contingere
1100 1009 1248 1044 nietam

235 1077 368 1127 Nuper
387 1074 434 1114 ab
453 1074 605 1126 exiguis
626 1074 824 1114 radicibus
845 1080 944 1124 orta,
968 1087 1041 1116 nec
1064 1081 1156 1116 ante

233 1146 397 1197 Cognita
416 1158 486 1198 per
507 1146 677 1195 Latium,
701 1146 892 1198 Argolicis
913 1152 1099 1187 contenta
1119 1148 1284 1188 colonis.

235 1220 316 1258 Hoc
335 1218 454 1270 igitur
471 1230 627 1258 mecum
648 1219 862 1269 indignans
884 1219 957 1258 sub
978 1225 1111 1260 mente
1132 1221 1366 1271 movebam,

236 1292 439 1330 Praecones
467 1291 629 1330 meritos
653 1296 719 1330 tua
739 1290 844 1343 quod
865 1291 1075 1331 notissima
1096 1292 1222 1332 virtus
1463 1297 1512 1333 50

235 1366 318 1401 Non
338 1361 524 1402 habitura
543 1361 658 1402 foret.
681 1363 887 1402 Macedum
906 1375 976 1403 rex
997 1375 1168 1416 magnus
1189 1364 1302 1404 amici

234 1435 348 1473 Forte
368 1434 510 1473 videns
530 1445 672 1473 saxum
690 1434 862 1474 AEacidae
882 1434 1098 1487 titulosque
1121 1436 1290 1487 sepulcri
1311 1450 1318 1475 :

240 1521 256 1541 «
277 1507 506 1553 Fortunate,
530 1506 674 1558 inquit,
693 1506 871 1557 Juvenis,
894 1506 956 1546 cui
978 1507 1156 1546 nominis
1177 1507 1294 1547 illum

232 1579 458 1617 Praeconem
479 1577 651 1629 reperire
672 1576 745 1617 fuit
769 1579 776 1616 ἱ
800 1579 886 1617 Non
907 1589 1028 1630 parva
1047 1578 1221 1630 profecto

230 1651 300 1688 Est
320 1648 434 1688 claris
453 1648 613 1688 fortuna
632 1649 730 1688 viris
751 1648 941 1689 habuisse
964 1655 1123 1701 poetam
1464 1654 1514 1691 55

233 1721 424 1760 Altisonis
446 1721 512 1773 qui
537 1720 782 1760 carminibus
801 1721 1005 1760 cumulare
1025 1721 1209 1762 decorem

233 1793 402 1832 Virtutis
422 1798 541 1845 queat
561 1793 725 1844 egregia}
745 1793 1073 1845 monimentaque
1091 1793 1257 1833 laudum
1274 1808 1282 1843 ;

233 1866 284 1904 At
304 1864 390 1913 tibi,
414 1876 569 1904 summe
591 1864 753 1912 ducum,
776 1864 879 1904 claro
900 1877 977 1916 quo
998 1864 1133 1905 nullus
1155 1867 1328 1905 Homero
1350 1871 1409 1905 est

234 1936 408 1987 Dignior,
432 1936 473 1976 in
494 1935 655 1988 reliquis
676 1935 834 1980 blanda,
862 1936 983 1988 inque
1005 1936 1080 1976 hoc
1101 1937 1238 1977 durior
1257 1949 1336 1977 uno

234 2009 294 2047 Me
315 2007 444 2047 solum
467 2006 627 2047 fortuna
647 2007 769 2047 dedit.
793 2008 1053 2048 Currentibus
1075 2008 1192 2048 annis
1461 2012 1512 2049 (30

232 2081 423 2118 Nascetur
444 2077 578 2118 forsan
599 2079 717 2130 digno
739 2079 807 2130 qui
828 2080 1003 2119 carmine
1026 2079 1123 2120 coelo

230 2149 376 2190 Efferat
398 2150 583 2189 emeritas
602 2150 740 2190 laudes
760 2155 797 2189 et
818 2149 936 2190 fortia
955 2150 1073 2199 facta,

231 2223 279 2260 Et
299 2222 360 2261 cui
382 2220 570 2261 mellifluo
591 2221 736 2260 melius
757 2222 987 2261 resonantia
1008 2222 1155 2273 plectro

230 2292 404 2345 Calliope
424 2293 490 2333 det
508 2292 574 2332 fila
592 2293 688 2345 lyras
708 2305 926 2346 vocemque
948 2306 1150 2334 sonoram.

279 2419 331 2448 39.
355 2417 429 2449 Dies
449 2418 481 2449 in
505 2419 556 2450 ed.
579 2419 667 2456 Bas,
690 2419 762 2451 Deis
783 2419 814 2450 in
836 2420 985 2450 omuibus
1007 2429 1068 2450 ms.

278 2475 333 2505 42.
357 2474 560 2516 II·'1¹c(c0rr.>
580 2485 638 2515 pro
659 2476 717 2507 leoc
737 2476 770 2507 in
793 2486 854 2507 ms.
876 2477 914 2515 A,
933 2479 965 2508 et
980 2476 1055 2507 iude
1073 2475 1106 2508 in
1122 2485 1184 2508 ms.
1205 2477 1241 2516 B,
1262 2477 1295 2516 C,
1318 2479 1354 2508 D.
