<?xml version="1.0" encoding="UTF-8"?>
<!DOCTYPE html PUBLIC "-//W3C//DTD XHTML 1.0 Transitional//EN"
    "http://www.w3.org/TR/xhtml1/DTD/xhtml1-transitional.dtd">
<html xmlns="http://www.w3.org/1999/xhtml" xml:lang="en" lang="en">
 <head>
  <title>
</title>
<meta http-equiv="Content-Type" content="text/html;charset=utf-8" />
  <meta name='ocr-system' content='tesseract 3.04.00' />
  <meta name='ocr-capabilities' content='ocr_page ocr_carea ocr_par ocr_line ocrx_word'/>
</head>
<body>
  <div class='ocr_page' id='page_1' title='image "africa1872petr_0261.png"; bbox 0 0 1865 2959; ppageno 0'>
   <div class='ocr_carea' id='block_1_1' title="bbox 645 576 1244 616">
    <p class='ocr_par' dir='ltr' id='par_1_1' title="bbox 645 576 1244 616">
     <span class='ocr_line' id='line_1_1' title="bbox 645 576 1244 616; baseline 0.002 -2"><span class='ocrx_word' id='word_1_1' title='bbox 645 576 841 616; x_wconf 89' lang='lat' dir='ltr'>LIBER</span> <span class='ocrx_word' id='word_1_2' title='bbox 887 576 1244 615; x_wconf 84' lang='lat' dir='ltr'><strong>SEPTIMUS.</strong></span> 
     </span>
    </p>
   </div>
   <div class='ocr_carea' id='block_1_2' title="bbox 718 896 1162 945">
    <p class='ocr_par' dir='ltr' id='par_1_2' title="bbox 718 896 1162 945">
     <span class='ocr_line' id='line_1_2' title="bbox 718 896 1162 945; baseline 0 -2"><span class='ocrx_word' id='word_1_3' title='bbox 718 911 1063 945; x_wconf 82' lang='lat' dir='ltr'><strong>ARGUMENTUM</strong></span> <span class='ocrx_word' id='word_1_4' title='bbox 1098 896 1162 943; x_wconf 86' lang='lat'>(1).</span> 
     </span>
    </p>
   </div>
   <div class='ocr_carea' id='block_1_3' title="bbox 434 1007 1305 1333">
    <p class='ocr_par' dir='ltr' id='par_1_3' title="bbox 434 1007 1305 1218">
     <span class='ocr_line' id='line_1_3' title="bbox 435 1007 1206 1048; baseline 0.001 -9"><span class='ocrx_word' id='word_1_5' title='bbox 435 1007 569 1039; x_wconf 86' lang='lat' dir='ltr'>Nescius</span> <span class='ocrx_word' id='word_1_6' title='bbox 587 1007 739 1039; x_wconf 79' lang='lat' dir='ltr'>exstincti</span> <span class='ocrx_word' id='word_1_7' title='bbox 759 1007 943 1048; x_wconf 80' lang='lat' dir='ltr'>fratrisjam</span> <span class='ocrx_word' id='word_1_8' title='bbox 964 1008 1076 1039; x_wconf 81' lang='lat' dir='ltr'>littora</span> <span class='ocrx_word' id='word_1_9' title='bbox 1096 1008 1206 1048; x_wconf 88' lang='lat' dir='ltr'>Leptis</span> 
     </span>
     <span class='ocr_line' id='line_1_4' title="bbox 434 1064 1305 1105; baseline 0.002 -10"><span class='ocrx_word' id='word_1_10' title='bbox 434 1064 592 1095; x_wconf 78' lang='lat' dir='ltr'>Hannibal</span> <span class='ocrx_word' id='word_1_11' title='bbox 609 1064 773 1105; x_wconf 81' lang='lat' dir='ltr'>attigerat,</span> <span class='ocrx_word' id='word_1_12' title='bbox 797 1064 1000 1104; x_wconf 81' lang='lat' dir='ltr'>trepidisque</span> <span class='ocrx_word' id='word_1_13' title='bbox 1021 1065 1207 1097; x_wconf 88' lang='lat' dir='ltr'>rumoribus</span> <span class='ocrx_word' id='word_1_14' title='bbox 1230 1065 1305 1097; x_wconf 91' lang='lat' dir='ltr'>inde</span> 
     </span>
     <span class='ocr_line' id='line_1_5' title="bbox 436 1120 1195 1162; baseline 0 -10"><span class='ocrx_word' id='word_1_15' title='bbox 436 1120 544 1152; x_wconf 86' lang='lat' dir='ltr'>Exitus</span> <span class='ocrx_word' id='word_1_16' title='bbox 559 1121 714 1159; x_wconf 83' lang='lat' dir='ltr'>innotuit,</span> <span class='ocrx_word' id='word_1_17' title='bbox 733 1130 806 1152; x_wconf 87' lang='lat' dir='ltr'>cum</span> <span class='ocrx_word' id='word_1_18' title='bbox 829 1124 941 1152; x_wconf 87' lang='lat' dir='ltr'>nostro</span> <span class='ocrx_word' id='word_1_19' title='bbox 962 1121 1063 1152; x_wconf 85' lang='lat' dir='ltr'>milite</span> <span class='ocrx_word' id='word_1_20' title='bbox 1084 1124 1195 1162; x_wconf 87' lang='lat' dir='ltr'>captos</span> 
     </span>
     <span class='ocr_line' id='line_1_6' title="bbox 436 1177 1126 1218; baseline 0 -10"><span class='ocrx_word' id='word_1_21' title='bbox 436 1178 663 1218; x_wconf 82' lang='lat' dir='ltr'>Exploratores</span> <span class='ocrx_word' id='word_1_22' title='bbox 680 1177 753 1209; x_wconf 79' lang='lat' dir='ltr'>(luci</span> <span class='ocrx_word' id='word_1_23' title='bbox 773 1186 830 1217; x_wconf 83' lang='lat' dir='ltr'>per</span> <span class='ocrx_word' id='word_1_24' title='bbox 847 1177 976 1217; x_wconf 76' lang='lat' dir='ltr'>singula</span> <span class='ocrx_word' id='word_1_25' title='bbox 994 1179 1126 1209; x_wconf 80' lang='lat' dir='ltr'>mandat</span> 
     </span>
    </p>

    <p class='ocr_par' dir='ltr' id='par_1_4' title="bbox 434 1234 1296 1333">
     <span class='ocr_line' id='line_1_7' title="bbox 435 1234 1296 1276; baseline 0.002 -10"><span class='ocrx_word' id='word_1_26' title='bbox 435 1235 554 1276; x_wconf 85' lang='lat' dir='ltr'>Scipio,</span> <span class='ocrx_word' id='word_1_27' title='bbox 576 1238 608 1267; x_wconf 88' lang='lat' dir='ltr'>et</span> <span class='ocrx_word' id='word_1_28' title='bbox 626 1235 806 1266; x_wconf 79' lang='lat' dir='ltr'>incolumes</span> <span class='ocrx_word' id='word_1_29' title='bbox 819 1234 896 1266; x_wconf 89' lang='lat' dir='ltr'>sinit</span> <span class='ocrx_word' id='word_1_30' title='bbox 912 1236 945 1266; x_wconf 91' lang='lat' dir='ltr'>in</span> <span class='ocrx_word' id='word_1_31' title='bbox 964 1245 1021 1266; x_wconf 87' lang='lat' dir='ltr'>sua</span> <span class='ocrx_word' id='word_1_32' title='bbox 1041 1238 1145 1267; x_wconf 84' lang='lat' dir='ltr'>castra</span> <span class='ocrx_word' id='word_1_33' title='bbox 1165 1236 1296 1268; x_wconf 88' lang='lat' dir='ltr'>reverti.</span> 
     </span>
     <span class='ocr_line' id='line_1_8' title="bbox 434 1293 1268 1333; baseline 0.001 -9"><span class='ocrx_word' id='word_1_34' title='bbox 434 1293 493 1324; x_wconf 90' lang='lat' dir='ltr'>Hic</span> <span class='ocrx_word' id='word_1_35' title='bbox 513 1295 685 1333; x_wconf 81' lang='lat' dir='ltr'>postquam</span> <span class='ocrx_word' id='word_1_36' title='bbox 706 1293 813 1324; x_wconf 82' lang='lat' dir='ltr'>secere</span> <span class='ocrx_word' id='word_1_37' title='bbox 831 1293 931 1325; x_wconf 87' lang='lat' dir='ltr'>duces</span> <span class='ocrx_word' id='word_1_38' title='bbox 951 1293 1115 1333; x_wconf 84' lang='lat' dir='ltr'>colloquia</span> <span class='ocrx_word' id='word_1_39' title='bbox 1135 1293 1268 1331; x_wconf 83' lang='lat' dir='ltr'>frustra,</span> 
     </span>
    </p>
   </div>
   <div class='ocr_carea' id='block_1_4' title="bbox 435 1349 1329 1444">
    <p class='ocr_par' dir='ltr' id='par_1_5' title="bbox 435 1349 1329 1444">
     <span class='ocr_line' id='line_1_9' title="bbox 436 1349 1329 1390; baseline 0.002 -10"><span class='ocrx_word' id='word_1_40' title='bbox 436 1350 481 1380; x_wconf 89' lang='lat' dir='ltr'>Ad</span> <span class='ocrx_word' id='word_1_41' title='bbox 501 1349 623 1380; x_wconf 86' lang='lat' dir='ltr'>bellum</span> <span class='ocrx_word' id='word_1_42' title='bbox 644 1359 678 1381; x_wconf 89' lang='lat' dir='ltr'>se</span> <span class='ocrx_word' id='word_1_43' title='bbox 698 1350 837 1390; x_wconf 84' lang='lat' dir='ltr'>quisque</span> <span class='ocrx_word' id='word_1_44' title='bbox 855 1359 973 1390; x_wconf 86' lang='lat' dir='ltr'>parans</span> <span class='ocrx_word' id='word_1_45' title='bbox 993 1360 1051 1382; x_wconf 83' lang='lat' dir='ltr'>sua</span> <span class='ocrx_word' id='word_1_46' title='bbox 1072 1350 1194 1382; x_wconf 82' lang='lat' dir='ltr'>foedera</span> <span class='ocrx_word' id='word_1_47' title='bbox 1208 1350 1329 1382; x_wconf 80' lang='lat' dir='ltr'>firmat.</span> 
     </span>
     <span class='ocr_line' id='line_1_10' title="bbox 435 1406 1223 1444; baseline 0.003 -8"><span class='ocrx_word' id='word_1_48' title='bbox 435 1406 517 1437; x_wconf 85' lang='lat' dir='ltr'>Ante</span> <span class='ocrx_word' id='word_1_49' title='bbox 529 1406 641 1437; x_wconf 88' lang='lat' dir='ltr'>Jovem</span> <span class='ocrx_word' id='word_1_50' title='bbox 661 1406 769 1437; x_wconf 83' lang='lat' dir='ltr'>verbis</span> <span class='ocrx_word' id='word_1_51' title='bbox 789 1409 946 1444; x_wconf 81' lang='lat' dir='ltr'>certatur,</span> <span class='ocrx_word' id='word_1_52' title='bbox 968 1409 1001 1438; x_wconf 88' lang='lat' dir='ltr'>at</span> <span class='ocrx_word' id='word_1_53' title='bbox 1017 1406 1120 1438; x_wconf 85' lang='lat' dir='ltr'>acrior</span> <span class='ocrx_word' id='word_1_54' title='bbox 1140 1406 1223 1438; x_wconf 75' lang='lat' dir='ltr'>arvis</span> 
     </span>
    </p>
   </div>
   <div class='ocr_carea' id='block_1_5' title="bbox 434 1462 1322 1505">
    <p class='ocr_par' dir='ltr' id='par_1_6' title="bbox 434 1462 1322 1505">
     <span class='ocr_line' id='line_1_11' title="bbox 434 1462 1322 1505; baseline 0.003 -12"><span class='ocrx_word' id='word_1_55' title='bbox 434 1463 546 1504; x_wconf 80' lang='lat' dir='ltr'>Pugna</span> <span class='ocrx_word' id='word_1_56' title='bbox 564 1462 600 1494; x_wconf 83' lang='lat' dir='ltr'>fit</span> <span class='ocrx_word' id='word_1_57' title='bbox 619 1463 651 1494; x_wconf 91' lang='lat' dir='ltr'>in</span> <span class='ocrx_word' id='word_1_58' title='bbox 672 1462 787 1494; x_wconf 86' lang='lat' dir='ltr'>mediis</span> <span class='ocrx_word' id='word_1_59' title='bbox 805 1472 812 1493; x_wconf 78' lang='grc' dir='ltr'>ι</span> <span class='ocrx_word' id='word_1_60' title='bbox 835 1464 1053 1495; x_wconf 83' lang='lat' dir='ltr'>succumbunt</span> <span class='ocrx_word' id='word_1_61' title='bbox 1072 1463 1194 1495; x_wconf 85' lang='lat' dir='ltr'>Punica</span> <span class='ocrx_word' id='word_1_62' title='bbox 1208 1473 1322 1505; x_wconf 79' lang='lat' dir='ltr'>regna.</span> 
     </span>
    </p>
   </div>
   <div class='ocr_carea' id='block_1_6' title="bbox 299 1567 1445 1765">
    <p class='ocr_par' dir='ltr' id='par_1_7' title="bbox 299 1567 1445 1765">
     <span class='ocr_line' id='line_1_12' title="bbox 352 1567 1445 1620; baseline 0.001 -11"><span class='ocrx_word' id='word_1_63' title='bbox 352 1568 516 1609; x_wconf 82' lang='lat' dir='ltr'>Nescius</span> <span class='ocrx_word' id='word_1_64' title='bbox 537 1567 723 1608; x_wconf 80' lang='lat' dir='ltr'>exstincti</span> <span class='ocrx_word' id='word_1_65' title='bbox 739 1568 900 1620; x_wconf 85' lang='lat' dir='ltr'>juvenis</span> <span class='ocrx_word' id='word_1_66' title='bbox 925 1567 1031 1608; x_wconf 78' lang='lat' dir='ltr'>ferus</span> <span class='ocrx_word' id='word_1_67' title='bbox 1048 1568 1262 1619; x_wconf 79' lang='lat' dir='ltr'>Hannibal,</span> <span class='ocrx_word' id='word_1_68' title='bbox 1288 1569 1445 1610; x_wconf 86' lang='lat' dir='ltr'>instans</span> 
     </span>
     <span class='ocr_line' id='line_1_13' title="bbox 299 1639 1440 1692; baseline 0 -12"><span class='ocrx_word' id='word_1_69' title='bbox 299 1639 454 1680; x_wconf 84' lang='lat' dir='ltr'>Bellum</span> <span class='ocrx_word' id='word_1_70' title='bbox 473 1640 623 1689; x_wconf 82' lang='lat' dir='ltr'>animo,</span> <span class='ocrx_word' id='word_1_71' title='bbox 652 1643 690 1679; x_wconf 89' lang='lat' dir='ltr'>et</span> <span class='ocrx_word' id='word_1_72' title='bbox 716 1640 846 1680; x_wconf 78' lang='lat' dir='ltr'>varios</span> <span class='ocrx_word' id='word_1_73' title='bbox 866 1640 1019 1692; x_wconf 79' lang='lat' dir='ltr'>agitans</span> <span class='ocrx_word' id='word_1_74' title='bbox 1040 1640 1112 1680; x_wconf 87' lang='lat' dir='ltr'>sub</span> <span class='ocrx_word' id='word_1_75' title='bbox 1132 1645 1290 1692; x_wconf 82' lang='lat' dir='ltr'>pectore</span> <span class='ocrx_word' id='word_1_76' title='bbox 1310 1652 1440 1690; x_wconf 84' lang='lat' dir='ltr'>casus,</span> 
     </span>
     <span class='ocr_line' id='line_1_14' title="bbox 299 1711 1413 1765; baseline 0 -13"><span class='ocrx_word' id='word_1_77' title='bbox 299 1713 530 1752; x_wconf 75' lang='lat' dir='ltr'>Fraternan]</span> <span class='ocrx_word' id='word_1_78' title='bbox 556 1711 740 1764; x_wconf 74' lang='lat' dir='ltr'>sperabat</span> <span class='ocrx_word' id='word_1_79' title='bbox 765 1724 896 1764; x_wconf 78' lang='lat' dir='ltr'>opem⁷</span> <span class='ocrx_word' id='word_1_80' title='bbox 913 1714 1077 1765; x_wconf 86' lang='lat' dir='ltr'>jamque</span> <span class='ocrx_word' id='word_1_81' title='bbox 1099 1711 1219 1752; x_wconf 81' lang='lat' dir='ltr'>affore</span> <span class='ocrx_word' id='word_1_82' title='bbox 1246 1712 1413 1752; x_wconf 83' lang='lat' dir='ltr'>classem</span> 
     </span>
    </p>
   </div>
   <div class='ocr_carea' id='block_1_7' title="bbox 346 1849 1407 2517">
    <p class='ocr_par' dir='ltr' id='par_1_8' title="bbox 356 1849 1407 2460">
     <span class='ocr_line' id='line_1_15' title="bbox 356 1849 1407 1893; baseline 0.001 -11"><span class='ocrx_word' id='word_1_83' title='bbox 356 1849 403 1892; x_wconf 82' lang='lat'>(1)</span> <span class='ocrx_word' id='word_1_84' title='bbox 423 1851 446 1881; x_wconf 92' lang='grc' dir='ltr'>Ε</span> <span class='ocrx_word' id='word_1_85' title='bbox 463 1859 524 1882; x_wconf 89' lang='lat' dir='ltr'>ms.</span> <span class='ocrx_word' id='word_1_86' title='bbox 545 1850 567 1881; x_wconf 88' lang='lat' dir='ltr'><strong>A</strong></span> <span class='ocrx_word' id='word_1_87' title='bbox 590 1853 794 1890; x_wconf 86' lang='lat' dir='ltr'>excerptum.</span> <span class='ocrx_word' id='word_1_88' title='bbox 809 1851 874 1882; x_wconf 84' lang='lat' dir='ltr'>Hoc</span> <span class='ocrx_word' id='word_1_89' title='bbox 891 1850 980 1881; x_wconf 83' lang='lat' dir='ltr'>aliud</span> <span class='ocrx_word' id='word_1_90' title='bbox 1001 1850 1034 1882; x_wconf 90' lang='lat' dir='ltr'>in</span> <span class='ocrx_word' id='word_1_91' title='bbox 1050 1851 1102 1882; x_wconf 86' lang='lat' dir='ltr'>ed.</span> <span class='ocrx_word' id='word_1_92' title='bbox 1126 1851 1237 1883; x_wconf 86' lang='lat' dir='ltr'>Venet.</span> <span class='ocrx_word' id='word_1_93' title='bbox 1258 1850 1379 1893; x_wconf 81' lang='lat' dir='ltr'>legitur</span> <span class='ocrx_word' id='word_1_94' title='bbox 1400 1861 1407 1882; x_wconf 76' lang='grc' dir='ltr'>ε</span> 
     </span>
     <span class='ocr_line' id='line_1_16' title="bbox 433 1906 1262 1948; baseline 0.001 -10"><span class='ocrx_word' id='word_1_95' title='bbox 433 1906 565 1938; x_wconf 84' lang='lat' dir='ltr'>Nescius</span> <span class='ocrx_word' id='word_1_96' title='bbox 586 1907 738 1938; x_wconf 84' lang='lat' dir='ltr'>exstincti</span> <span class='ocrx_word' id='word_1_97' title='bbox 753 1907 882 1948; x_wconf 81' lang='lat' dir='ltr'>juvenis</span> <span class='ocrx_word' id='word_1_98' title='bbox 902 1907 990 1938; x_wconf 88' lang='lat' dir='ltr'>serus</span> <span class='ocrx_word' id='word_1_99' title='bbox 1009 1907 1168 1939; x_wconf 83' lang='lat' dir='ltr'>Hannibal</span> <span class='ocrx_word' id='word_1_100' title='bbox 1189 1917 1262 1939; x_wconf 84' lang='lat' dir='ltr'>oras</span> 
     </span>
     <span class='ocr_line' id='line_1_17' title="bbox 436 1963 1264 2005; baseline 0.002 -11"><span class='ocrx_word' id='word_1_101' title='bbox 436 1964 620 2005; x_wconf 77' lang='lat' dir='ltr'>Ingreditur</span> <span class='ocrx_word' id='word_1_102' title='bbox 640 1963 760 2004; x_wconf 83' lang='lat' dir='ltr'>patrias</span> <span class='ocrx_word' id='word_1_103' title='bbox 777 1974 785 2001; x_wconf 82' lang='lat'>3</span> <span class='ocrx_word' id='word_1_104' title='bbox 803 1964 908 1995; x_wconf 86' lang='lat' dir='ltr'>Latias</span> <span class='ocrx_word' id='word_1_105' title='bbox 922 1967 1095 2004; x_wconf 83' lang='lat' dir='ltr'>penetrare</span> <span class='ocrx_word' id='word_1_106' title='bbox 1115 1965 1264 1996; x_wconf 86' lang='lat' dir='ltr'>cohortes</span> 
     </span>
     <span class='ocr_line' id='line_1_18' title="bbox 435 2020 1367 2063; baseline 0.001 -12"><span class='ocrx_word' id='word_1_107' title='bbox 435 2020 639 2061; x_wconf 85' lang='lat' dir='ltr'>Clamjnbet.</span> <span class='ocrx_word' id='word_1_108' title='bbox 658 2021 737 2052; x_wconf 88' lang='lat' dir='ltr'>Inde</span> <span class='ocrx_word' id='word_1_109' title='bbox 753 2020 844 2052; x_wconf 84' lang='lat' dir='ltr'>ducis</span> <span class='ocrx_word' id='word_1_110' title='bbox 862 2020 987 2052; x_wconf 85' lang='lat' dir='ltr'>monitu</span> <span class='ocrx_word' id='word_1_111' title='bbox 1008 2030 1067 2061; x_wconf 90' lang='lat' dir='ltr'>per</span> <span class='ocrx_word' id='word_1_112' title='bbox 1083 2024 1188 2053; x_wconf 81' lang='lat' dir='ltr'>castra</span> <span class='ocrx_word' id='word_1_113' title='bbox 1205 2022 1367 2063; x_wconf 86' lang='lat' dir='ltr'>jubentur</span> 
     </span>
     <span class='ocr_line' id='line_1_19' title="bbox 433 2077 1147 2119; baseline 0.001 -11"><span class='ocrx_word' id='word_1_114' title='bbox 433 2078 674 2118; x_wconf 85' lang='lat' dir='ltr'>Exploratores,</span> <span class='ocrx_word' id='word_1_115' title='bbox 693 2080 726 2108; x_wconf 83' lang='lat' dir='ltr'>et</span> <span class='ocrx_word' id='word_1_116' title='bbox 746 2080 871 2109; x_wconf 80' lang='lat' dir='ltr'>nostras</span> <span class='ocrx_word' id='word_1_117' title='bbox 887 2077 931 2108; x_wconf 89' lang='lat' dir='ltr'>ire</span> <span class='ocrx_word' id='word_1_118' title='bbox 952 2078 1147 2119; x_wconf 78' lang='lat' dir='ltr'>phalanges.</span> 
     </span>
     <span class='ocr_line' id='line_1_20' title="bbox 430 2134 1334 2176; baseline 0.002 -11"><span class='ocrx_word' id='word_1_119' title='bbox 430 2135 672 2176; x_wconf 80' lang='lat' dir='ltr'>Congressusve</span> <span class='ocrx_word' id='word_1_120' title='bbox 692 2134 773 2174; x_wconf 87' lang='lat' dir='ltr'>petit</span> <span class='ocrx_word' id='word_1_121' title='bbox 793 2134 960 2174; x_wconf 79' lang='lat' dir='ltr'>stupidns3</span> <span class='ocrx_word' id='word_1_122' title='bbox 979 2135 1045 2166; x_wconf 87' lang='lat' dir='ltr'>dux</span> <span class='ocrx_word' id='word_1_123' title='bbox 1066 2135 1225 2167; x_wconf 85' lang='lat' dir='ltr'>maximus</span> <span class='ocrx_word' id='word_1_124' title='bbox 1243 2135 1334 2167; x_wconf 89' lang='lat' dir='ltr'>illum</span> 
     </span>
     <span class='ocr_line' id='line_1_21' title="bbox 427 2191 1212 2232; baseline 0.001 -10"><span class='ocrx_word' id='word_1_125' title='bbox 427 2192 624 2231; x_wconf 85' lang='lat' dir='ltr'>Alloquitur,</span> <span class='ocrx_word' id='word_1_126' title='bbox 643 2191 741 2223; x_wconf 90' lang='lat' dir='ltr'>tantis</span> <span class='ocrx_word' id='word_1_127' title='bbox 754 2191 881 2232; x_wconf 87' lang='lat' dir='ltr'>superis</span> <span class='ocrx_word' id='word_1_128' title='bbox 897 2192 1081 2223; x_wconf 86' lang='lat' dir='ltr'>celebratur</span> <span class='ocrx_word' id='word_1_129' title='bbox 1097 2192 1127 2222; x_wconf 90' lang='lat' dir='ltr'>in</span> <span class='ocrx_word' id='word_1_130' title='bbox 1148 2192 1212 2223; x_wconf 87' lang='lat' dir='ltr'>oris</span> 
     </span>
     <span class='ocr_line' id='line_1_22' title="bbox 431 2248 1305 2290; baseline 0.002 -11"><span class='ocrx_word' id='word_1_131' title='bbox 431 2248 632 2288; x_wconf 86' lang='lat' dir='ltr'>Colloquium</span> <span class='ocrx_word' id='word_1_132' title='bbox 654 2249 773 2286; x_wconf 78' lang='lat' dir='ltr'>rebus3</span> <span class='ocrx_word' id='word_1_133' title='bbox 795 2249 850 2279; x_wconf 85' lang='lat' dir='ltr'>sed</span> <span class='ocrx_word' id='word_1_134' title='bbox 870 2258 978 2290; x_wconf 81' lang='lat' dir='ltr'>pugna</span> <span class='ocrx_word' id='word_1_135' title='bbox 999 2248 1177 2280; x_wconf 85' lang='lat' dir='ltr'>novissima</span> <span class='ocrx_word' id='word_1_136' title='bbox 1195 2251 1305 2289; x_wconf 85' lang='lat' dir='ltr'>partes</span> 
     </span>
     <span class='ocr_line' id='line_1_23' title="bbox 429 2305 1277 2346; baseline 0.002 -11"><span class='ocrx_word' id='word_1_137' title='bbox 429 2305 578 2346; x_wconf 81' lang='lat' dir='ltr'>Exagitat</span> <span class='ocrx_word' id='word_1_138' title='bbox 596 2305 758 2346; x_wconf 81' lang='lat' dir='ltr'>geminas,</span> <span class='ocrx_word' id='word_1_139' title='bbox 780 2305 949 2345; x_wconf 81' lang='lat' dir='ltr'>oriturque</span> <span class='ocrx_word' id='word_1_140' title='bbox 970 2305 1153 2337; x_wconf 83' lang='lat' dir='ltr'>miserrima</span> <span class='ocrx_word' id='word_1_141' title='bbox 1176 2306 1277 2337; x_wconf 75' lang='lat' dir='ltr'>Poenis</span> 
     </span>
     <span class='ocr_line' id='line_1_24' title="bbox 429 2361 1193 2402; baseline 0.003 -10"><span class='ocrx_word' id='word_1_142' title='bbox 429 2362 515 2392; x_wconf 86' lang='lat' dir='ltr'>Hora</span> <span class='ocrx_word' id='word_1_143' title='bbox 532 2361 621 2393; x_wconf 86' lang='lat' dir='ltr'>viris.</span> <span class='ocrx_word' id='word_1_144' title='bbox 646 2362 738 2393; x_wconf 73' lang='lat' dir='ltr'>Acies</span> <span class='ocrx_word' id='word_1_145' title='bbox 755 2365 790 2393; x_wconf 88' lang='lat' dir='ltr'>nt</span> <span class='ocrx_word' id='word_1_146' title='bbox 808 2363 932 2393; x_wconf 85' lang='lat' dir='ltr'>viderat</span> <span class='ocrx_word' id='word_1_147' title='bbox 954 2362 1023 2402; x_wconf 88' lang='lat' dir='ltr'>ipse</span> <span class='ocrx_word' id='word_1_148' title='bbox 1044 2364 1193 2395; x_wconf 82' lang='lat' dir='ltr'>labantes</span> 
     </span>
     <span class='ocr_line' id='line_1_25' title="bbox 433 2419 1267 2460; baseline 0.002 -11"><span class='ocrx_word' id='word_1_149' title='bbox 433 2419 589 2450; x_wconf 74' lang='lat' dir='ltr'>Hannibal</span> <span class='ocrx_word' id='word_1_150' title='bbox 603 2419 772 2460; x_wconf 80' lang='lat' dir='ltr'>egreditur</span> <span class='ocrx_word' id='word_1_151' title='bbox 791 2420 895 2451; x_wconf 85' lang='lat' dir='ltr'>victus</span> <span class='ocrx_word' id='word_1_152' title='bbox 912 2421 1119 2459; x_wconf 61' lang='lat' dir='ltr'>lattbrasqne</span> <span class='ocrx_word' id='word_1_153' title='bbox 1143 2420 1267 2459; x_wconf 83' lang='lat' dir='ltr'>petivit.</span> 
     </span>
    </p>

    <p class='ocr_par' dir='ltr' id='par_1_9' title="bbox 346 2475 1322 2517">
     <span class='ocr_line' id='line_1_26' title="bbox 346 2475 1322 2517; baseline 0.003 -11"><span class='ocrx_word' id='word_1_154' title='bbox 346 2477 376 2506; x_wconf 80' lang='lat'>2.</span> <span class='ocrx_word' id='word_1_155' title='bbox 400 2475 533 2517; x_wconf 77' lang='lat' dir='ltr'>Aqitanl</span> <span class='ocrx_word' id='word_1_156' title='bbox 550 2476 583 2507; x_wconf 89' lang='lat' dir='ltr'>in</span> <span class='ocrx_word' id='word_1_157' title='bbox 599 2476 652 2507; x_wconf 91' lang='lat' dir='ltr'>ed.</span> <span class='ocrx_word' id='word_1_158' title='bbox 670 2477 758 2513; x_wconf 69' lang='lat' dir='ltr'>Bas,</span> <span class='ocrx_word' id='word_1_159' title='bbox 779 2477 909 2517; x_wconf 66' lang='lat' dir='ltr'>agitans</span> <span class='ocrx_word' id='word_1_160' title='bbox 928 2477 961 2507; x_wconf 88' lang='lat' dir='ltr'>in</span> <span class='ocrx_word' id='word_1_161' title='bbox 980 2486 1038 2508; x_wconf 88' lang='lat' dir='ltr'>ms.</span> <span class='ocrx_word' id='word_1_162' title='bbox 1056 2477 1091 2513; x_wconf 80' lang='grc' dir='ltr'>Β,</span> <span class='ocrx_word' id='word_1_163' title='bbox 1114 2478 1148 2514; x_wconf 81' lang='lat' dir='ltr'>C,</span> <span class='ocrx_word' id='word_1_164' title='bbox 1171 2478 1206 2516; x_wconf 89' lang='lat' dir='ltr'>D,</span> <span class='ocrx_word' id='word_1_165' title='bbox 1230 2479 1266 2515; x_wconf 95' lang='lat' dir='ltr'>E,</span> <span class='ocrx_word' id='word_1_166' title='bbox 1288 2479 1322 2509; x_wconf 90' lang='lat' dir='ltr'>F.</span> 
     </span>
    </p>
   </div>
  </div>
 </body>
</html>
