1865 2959
894 282 934 289 --
961 264 1030 299 :314
1057 283 1103 291 —

359 350 478 389 Recta
502 349 583 389 acie
611 347 770 388 stabant
789 348 992 401 armisque
1014 349 1239 402 animisque
1258 349 1383 402 parati

358 421 532 461 Flectere
559 420 641 460 lora
666 431 805 470 manu,
832 424 1073 472 praevertere
1093 421 1295 473 gressibus
1316 421 1490 462 hostem.

358 492 588 533 Accelerarc
603 491 734 544 jubet,
757 497 913 544 parent,
937 498 976 533 et
1000 492 1102 532 valle
1126 492 1265 533 latenti

359 564 578 616 Improvisa
598 564 700 604 acies
725 564 925 604 Verminae
947 565 1131 604 occurrit.
1155 567 1205 605 At
1225 565 1292 605 ille

356 637 549 690 Augustis
577 637 773 689 deprensa
794 636 891 676 locis
911 642 1024 688 parat
1046 648 1156 677 arma
1185 649 1359 690 suosque
1560 642 1637 679 434)

357 708 536 762 Explicat
554 714 597 748 ut
622 708 775 748 licitum
796 713 870 748 est.
894 709 1167 759 Concurritur‚
1191 714 1308 761 atque
1329 714 1541 750 cruentum

355 781 510 821 Bellum
531 780 657 820 oritur
679 780 884 832 caedesque
910 780 1052 832 ingens
1079 781 1332 834 gemitusque
1357 782 1564 834 dolorque,

355 855 501 905 Atque,
528 852 611 892 loco
634 852 842 892 claudente
868 850 1020 904 fugam,
1045 857 1254 893 truncatur
1280 852 1330 893 ad
1352 853 1480 893 iinuiu

356 926 454 964 Tota
472 924 552 964 fore
567 924 729 976 juvenis
748 923 876 964 acies:
901 929 962 963 ast
988 924 1070 976 ipse
1092 923 1221 976 fugaci

357 998 508 1049 Raptus
529 1007 630 1048 equo
653 995 806 1035 medios
826 995 932 1035 inter
953 995 1152 1035 delabitur
1172 995 1309 1036 hostes
1565 998 1642 1036 435

358 1067 489 1118 Solus,
517 1073 555 1108 et
576 1067 731 1107 adversi
752 1066 851 1119 petit
876 1066 964 1106 avia
989 1066 1175 1119 confraga
1198 1067 1350 1107 montis

359 1139 513 1180 Infelix,
537 1141 692 1188 Quanto
715 1138 859 1179 melius
880 1139 953 1179 sub
976 1144 1105 1191 strage
1124 1139 1303 1180 virorum

358 1214 546 1259 Casurus,
568 1211 794 1263 miseroque
818 1211 921 1264 patri
942 1210 974 1250 si
994 1210 1073 1251 sata
1093 1211 1279 1251 tulissent

356 1286 517 1324 Carcere
535 1283 578 1323 in
599 1283 752 1323 Albano
774 1295 907 1323 eomes
929 1287 966 1323 et
985 1282 1150 1322 Tiburte
1173 1282 1352 1335 sepulcro
1375 1284 1383 1323 l

355 1355 486 1408 Scipio
508 1355 689 1395 victrices
709 1354 812 1395 acies
833 1354 1092 1407 priedamque
1115 1354 1322 1395 trahentes
1563 1358 1641 1395 440

357 1431 630 1477 Innumeram,
658 1439 768 1467 arma
788 1432 826 1467 et
847 1438 986 1479 equos,
1007 1432 1139 1466 vestes
1158 1438 1378 1478 currusque
1400 1427 1558 1480 jugales·

359 1502 613 1552 lntextasque
635 1511 729 1539 auro
750 1498 907 1538 tunicas
933 1498 1154 1550 cristasque
1175 1498 1369 1539 micantes

358 1572 420 1612 Ad
440 1577 613 1624 coeptum
639 1571 825 1611 conducit
846 1571 947 1611 iter:
972 1570 1080 1610 velut
1106 1570 1232 1622 objice
1256 1582 1377 1622 parvo

357 1644 568 1696 Egreditur
586 1643 751 1696 paulum
772 1643 894 1695 ripas‚
917 1655 1011 1682 mox
1039 1643 1175 1682 omnia
1195 1643 1319 1682 victor

359 1716 482 1756 Obvia
504 1715 721 1768 prosternit
743 1715 962 1755 furibundo
985 1715 1133 1755 vortice
1154 1720 1325 1764 torrens,
1568 1717 1644 1754 445

360 1788 656 1841 indignansque
676 1800 810 1828 moras
835 1788 963 1840 primo
988 1799 1028 1827 se
1054 1787 1187 1839 dirigit
1209 1787 1336 1827 alveo.

359 1862 409 1901 At
429 1866 642 1913 postquam
666 1860 816 1913 passim
836 1865 918 1901 tota
939 1859 1178 1912 Carthagine
1199 1860 1326 1899 victus

400 2044 476 2073 2427.
497 2042 682 2074 Perverlere
703 2042 735 2073 iu
756 2042 808 2073 ed.
833 2043 920 2079 Bas,
939 2046 1132 2084 praevertere
1151 2042 1181 2072 iu
1197 2041 1349 2073 omnihus
1368 2050 1415 2072 ins

406 2101 480 2130 428.
502 2100 575 2133 Vale
596 2100 625 2131 in
648 2100 701 2131 ed.
724 2100 814 2137 Bas,
833 2099 915 2131 valle
936 2100 968 2131 in
984 2099 1136 2131 omnibus
1152 2108 1211 2132 ms.

411 2158 484 2188 4⁴29.
504 2158 563 2189 Illa
584 2157 617 2189 in
632 2159 682 2188 ed.
701 2157 860 2194 Bas.‚1ne
878 2157 910 2188 iu
929 2157 1078 2188 omnibus
1096 2167 1155 2188 ms.

405 2216 481 2246 433.
501 2214 605 2246 Unum
620 2214 653 2245 in
669 2215 720 2246 ed.
741 2215 830 2252 Bas.‚
846 2215 948 2245 imum
970 2214 1003 2245 in
1027 2214 1178 2245 omuibus
1192 2223 1252 2244 ms,

405 2274 481 2302 536.
497 2271 614 2304 Mentis
628 2271 661 2302 in
675 2272 727 2303 ed.
746 2272 833 2308 Bas..
848 2273 968 2302 montis
983 2270 1017 2302 in
1033 2271 1183 2302 omnibus
1197 2280 1255 2301 ms.

407 2331 488 2362 438.
506 2328 604 2361 Facta
625 2329 658 2360 in
674 2330 726 2360 ed.
751 2329 839 2366 Bas„
860 2329 929 2368 fata
949 2328 980 2359 iu
999 2329 1150 2360 omnibus
1171 2338 1232 2359 ms.

407 2388 481 2417 439.
504 2387 628 2417 Desunt
647 2386 680 2417 in
698 2395 760 2416 ms.
777 2386 798 2416 E
816 2395 854 2416 ea
875 2386 1029 2417 verba....
1051 2389 1080 2417 el
1105 2384 1235 2417 Tiburte
1254 2385 1409 2426 sepulcro.

624 2442 731 2485 Scipio
747 2443 891 2474 victrices
908 2443 1003 2474 acies.

409 2501 484 2531 441.
509 2498 629 2533 Cursus
649 2499 680 2531 in
702 2501 753 2531 ed.
776 2500 866 2538 nas„
881 2509 995 2531 currus
1015 2499 1049 2530 in
1067 2499 1220 2531 omnibus
1243 2509 1303 2530 ms.

409 2558 484 2588 446.
503 2557 656 2598 Indiqnas
670 2557 703 2588 in
720 2558 773 2588 ed.
795 2558 883 2596 Bas„
903 2557 1077 2598 *indignans
1097 2557 1129 2588 iu
1151 2566 1213 2588 ms,
1238 2558 1275 2595 A,
1297 2557 1334 2595 B,
1357 2557 1390 2593 t),
1409 2557 1445 2592 l),
1467 2557 1501 2586 Ε.
