1865 2959
824 193 985 225 -7-

265 291 363 320 cam
385 288 521 334 prope
538 275 818 319 confecisset.
840 276 944 319 Haec
964 276 1058 334 ipse
1076 277 1136 319 ita
1157 277 1362 335 exposuit
1378 294 1386 321 :
1401 296 1422 318 «
1440 280 1541 323 Sus-

269 372 288 393 »
319 354 433 411 cepti
454 366 629 397 memor
644 352 844 405 honoris,
861 353 1166 411 sollicitusque
1183 368 1239 398 ne
1254 353 1439 413 indigno
1455 356 1539 399 col-

266 450 287 471 »
316 431 432 474 latus
465 429 705 481 videretur,
752 444 855 474 cum
900 430 971 474 die
1007 430 1203 488 quodam
1242 431 1289 474 in
1324 436 1539 477 montana

267 526 286 547 »
315 506 639 559 conscendens,
677 507 791 552 forte
826 510 949 551 trans
979 508 1154 551 Entiam
1189 521 1385 562 amnem,
1419 510 1536 555 Rhe-

268 604 286 625 »
316 585 431 643 ginis
457 584 502 628 in
530 584 711 637 finibus,
739 584 899 629 silvam
934 599 1033 642 quae
1066 585 1200 628 Plana
1228 585 1387 630 dicitur
1406 586 1537 631 adiis—

265 681 286 703 »
317 676 427 714 sem,
448 661 594 706 subita
616 661 701 705 loci
723 662 869 720 specie
886 675 1139 720 percussus,
1160 662 1216 706 ad
1234 663 1537 709 intermissam

265 758 285 780 »
314 743 514 795 Africam
536 739 690 783 stilum
715 739 843 791 verti,
870 743 913 784 et
936 739 1111 784 fervore
1140 740 1292 792 animi,
1319 741 1394 799 qui
1415 741 1535 800 sopi-

264 836 284 858 »
314 821 386 862 tus
409 817 659 869 videbatur,
684 817 889 869 excitato,
921 817 1076 875 scripsi
1102 817 1431 875 aliquantulum
1465 818 1536 864 die

261 914 281 935 »
311 895 402 948 illo,
423 898 525 953 post
542 894 765 938 continuis
785 893 944 938 diebus
966 894 1165 952 quotidie
1185 895 1369 953 aliquid,
1390 895 1535 941 donec

263 992 282 1013 »
313 975 515 1017 Parmam
542 972 720 1017 rediens
741 975 784 1016 et
810 975 1037 1030 repostam
1057 985 1106 1016 ac
1128 973 1413 1031 tranquillam
1434 987 1533 1018 nac-

261 1069 280 1091 »
312 1055 384 1095 tus
403 1050 589 1095 domum
597 1085 682 1094 .....
705 1053 829 1095 tanto
851 1050 1009 1094 ardore
1031 1065 1143 1109 opus
1165 1051 1292 1103 illud,
1324 1065 1416 1095 non
1435 1066 1531 1096 ma-

261 1148 280 1169 »
310 1144 399 1187 gno
417 1129 463 1172 in
479 1133 696 1187 tempore,
716 1128 771 1171 ad
788 1129 958 1173 exitum
979 1128 1160 1181 deduxi,
1181 1132 1230 1173 ut
1244 1129 1339 1188 ipse
1354 1143 1533 1188 quoque

260 1225 280 1247 »
310 1221 431 1250 nunc
456 1210 659 1264 stupeam
683 1206 747 1252 (1).
782 1223 802 1246 »

315 1286 447 1343 Cujus
473 1288 624 1329 tamen
645 1284 767 1328 venit
793 1284 849 1327 ad
882 1298 965 1328 nos
992 1284 1303 1343 imperfectum
1331 1298 1527 1330 carmen.

256 1362 389 1419 Atqui
425 1365 577 1405 curtus
610 1361 791 1420 pendet,
827 1361 961 1420 paulo
997 1361 1174 1406 brevior
1204 1362 1316 1415 aliis,
1347 1366 1531 1421 quartus

254 1444 284 1482 Α
290 1443 411 1494 fricae
428 1439 553 1491 liber,
575 1439 633 1482 ita
650 1444 697 1482 ut
719 1453 868 1483 rerum
883 1439 1020 1484 series
1038 1440 1294 1484 intermissa
1309 1440 1526 1486 videatur.

255 1517 418 1560 Saltem
444 1531 577 1567 uuus,
603 1516 691 1560 duo
719 1521 795 1560 aut
818 1520 910 1561 tres
932 1517 1047 1561 forte
1069 1517 1171 1561 libri
1193 1517 1375 1562 desunt.

313 1594 510 1637 Primum
532 1593 751 1638 creditum
773 1598 840 1638 est
856 1595 1075 1652 poematis
1087 1595 1182 1653 jam
1196 1595 1375 1654 perfecti
1401 1597 1526 1654 pagi-

252 1685 331 1715 nas
358 1671 575 1729 quasdam
603 1671 656 1715 ab
687 1671 783 1729 ipso
818 1676 996 1716 auctore
1026 1671 1165 1716 fuisse
1184 1672 1394 1731 dilapsas,
1429 1673 1525 1718 sive

251 1748 351 1806 plus
378 1763 505 1806 aequo
534 1748 715 1807 rigidior
744 1763 900 1793 versus
922 1750 1054 1807 plane
1080 1750 1179 1794 luce
1209 1750 1420 1809 indignos
1447 1765 1525 1809 pa-

253 1839 352 1869 rum
379 1829 566 1879 curaret,
597 1826 692 1870 sive
718 1826 763 1869 in
786 1826 1097 1884 frequentibus
1117 1827 1351 1872 itineribus
1382 1829 1524 1887 negli—

296 1976 341 2016 (1)
363 1975 466 2017 Epist.
490 1976 531 2008 ad
547 1978 702 2018 posteros.
725 1976 776 2007 Cs.
796 1976 855 2018 Ep.
876 1979 972 2008 metr.
994 1984 1043 2015 111,
1065 1977 1206 2010 Barbato
1225 1978 1433 2012 Sulmonensi
1455 1978 1523 2021 (ed.

252 2033 416 2073 Rossetti).

383 2102 461 2142 Ripa
483 2101 571 2140 Parii,
593 2102 778 2142 laevumque
802 2102 902 2143 patris
922 2104 1007 2135 latus
1027 2103 1191 2144 Apennini

379 2216 469 2247 Nunc
489 2216 644 2247 reducem
664 2219 835 2256 expectant
859 2217 1028 2257 Dldnaeque
1049 2217 1236 2248 umbracula
1256 2217 1359 2251 silvae.

380 2273 525 2312 Namque
545 2273 588 2304 ibi
608 2273 732 2304 Pierius
752 2273 897 2313 gelidum
918 2283 969 2304 me
985 2273 1123 2315 contigit
1136 2275 1233 2305 ardor
1250 2284 1258 2312 ;

379 2329 486 2360 Africa
508 2332 616 2360 nostra
638 2329 720 2360 mihi
740 2330 874 2371 longum
894 2329 1079 2361 intermissa
1095 2330 1247 2371 jacebat:

378 2386 500 2417 Excivit
519 2387 608 2418 locus
628 2386 797 2428 ingenium
804 2409 872 2418 .....

294 2465 330 2496 Et
349 2467 420 2506 post
441 2465 545 2497 susam
567 2465 805 2508 mirificamque
822 2466 910 2499 siivae
932 2467 1037 2499 Planae
1055 2468 1305 2509 descriptionem
1323 2478 1330 2498 :
