1865 2959
883 309 1092 344 —372—

338 390 387 422 vir
414 390 562 431 optime,
595 391 674 423 olim
695 392 766 424 vivo
794 393 992 431 petrarcha,
1026 393 1229 426 incitatorios
1256 403 1371 427 versus
1391 397 1431 428 ad
1452 396 1630 430 editionem

337 447 454 480 Africae
471 449 510 479 ad
530 457 618 486 eum,
641 458 693 481 me
714 449 892 482 miserum!
920 451 1202 488 transmittendos,
1225 461 1288 492 quo
1312 455 1462 493 tempore
1481 454 1556 487 coeli
1575 455 1628 487 in-

333 504 424 545 juria
449 505 541 537 nobis
569 505 661 538 illum
689 506 825 547 eripuit,
854 516 928 539 mea
947 507 1089 539 ruditate
1114 508 1250 548 perfeci,
1273 518 1356 549 quos
1376 513 1411 541 ut
1429 510 1627 551 ineptiarum

335 570 482 594 mearum
503 562 666 604 particeps
688 563 766 602 fias,
797 565 837 595 ad
858 567 889 596 te
910 564 1003 596 mitto
1020 590 1027 601 ,
1058 564 1102 596 ita
1123 568 1233 597 tamen
1259 566 1344 606 quod
1374 569 1405 598 te
1432 568 1627 600 advocatum

332 619 445 659 velim,
466 622 502 651 ut
521 620 667 652 divinum
685 620 767 652 illud
790 631 884 662 opus,
903 622 990 661 quod
1008 621 1236 654 Franciscolus
1256 622 1364 655 suerat
1378 624 1418 655 ad
1437 624 1625 656 Boccatium

333 676 644 710 transmissurus....
662 680 717 710 tua
731 678 970 711 intercessione
985 688 1187 719 promerear.
1208 679 1301 721 (Cod.
1319 681 1489 721 Laurent.‚
1505 691 1537 723 p.
1556 682 1626 722 25.)

384 813 487 862 Quid
511 813 583 854 tihi
607 815 851 868 conspicuum
872 814 1020 853 meritis
1039 814 1206 867 belloque
1225 814 1460 855 tremendum

329 886 558 939 Scipiadem
583 887 776 928 cecinisse
790 889 922 939 juvat,
951 887 984 927 si
1005 898 1161 927 carcere
1182 887 1363 928 clausum

329 958 500 1009 Occulis‚
517 964 556 1000 et
574 959 693 1012 longa
712 971 782 1013 spe
803 972 878 1000 nos
899 959 1115 1012 suspendis
1136 959 1326 1001 hiantes?

328 1030 460 1083 Scipio
486 1031 681 1080 sidereus,
701 1032 831 1084 proles
852 1036 1035 1084 reputata
1056 1032 1225 1072 deorum

327 1104 376 1142 Et
394 1103 541 1144 vindex
561 1103 715 1156 patriae,
737 1104 907 1155 Trebia),
928 1104 1052 1156 patris
1075 1109 1194 1156 atque
1218 1104 1362 1155 Ticini,

326 1176 490 1216 Necnon
515 1178 744 1216 Cannarum
766 1175 1115 1228 praeformidabilis
1135 1176 1256 1226 ultor,

325 1248 409 1297 Quo
431 1248 548 1298 duce,
569 1251 698 1290 Roma
715 1248 828 1289 ferox
847 1248 1131 1289 Trasimenam
1151 1248 1274 1289 oblita
1293 1248 1498 1301 paludem,

323 1320 523 1361 Moenibns
545 1320 749 1373 Hesperia}
769 1320 900 1371 victis,
924 1320 1176 1373 Carthaginis
1196 1321 1314 1362 Afros

322 1392 531 1445 Multiplici
556 1399 684 1434 marte
703 1398 787 1434 toto
809 1393 979 1434 dimovit
1000 1393 1128 1443 Ibero,

320 1466 377 1506 Ac
398 1465 503 1506 ultra
523 1466 652 1507 Gades
674 1470 853 1506 extremo
874 1465 916 1504 in
937 1465 1120 1517 margine
1143 1464 1230 1506 fixit
1564 1470 1614 1508 10

320 1538 467 1579 Oceani
485 1539 720 1591 imperium,
737 1539 824 1591 Jam
841 1537 945 1578 claro
968 1537 1146 1578 carmine
1167 1538 1295 1590 poscit

319 1611 364 1650 ln
388 1609 520 1651 lucem
540 1611 702 1664 prodire
721 1616 807 1661 tuo,
830 1621 1047 1662 secumque
1073 1616 1262 1661 gravatur

317 1682 516 1735 Tempore
534 1688 616 1723 tam
641 1683 759 1735 longo
782 1682 965 1723 clausum
986 1681 1060 1722 suh
1083 1686 1199 1722 nocte
1217 1682 1343 1722 teneri
1370 1696 1379 1722 :

316 1755 396 1794 Nec
414 1759 574 1795 tantum
598 1754 802 1807 quondam
823 1753 1017 1806 Libycum
1037 1752 1255 1793 transferre
1277 1765 1347 1806 per
1366 1765 1501 1806 {equor

316 1826 518 1866 Romanas
542 1827 646 1867 acies
673 1826 811 1879 cupiit,
831 1828 1082 1878 Byrsamque
1107 1825 1306 1866 minacem
1557 1830 1606 1867 15

313 1898 503 1939 Adventu
527 1903 677 1939 terrere
696 1910 786 1945 suo,
806 1898 1009 1950 talemque
1029 1897 1240 1937 tremendo

313 1971 488 2023 Pugnaci
513 1971 648 2025 Libyae
671 1971 776 2012 bello
799 1982 840 2011 50
862 1970 1075 2011 ostendere
1095 1970 1257 2022 qualem

312 2043 513 2084 Hannibal
532 2044 669 2094 ltaliae,
691 2043 1012 2097 quantummodo
1033 2047 1216 2095 tempore
1238 2047 1377 2084 nostro

313 2116 482 2166 Gaudet,
506 2121 545 2157 et
564 2121 767 2169 exspectat
785 2116 921 2156 divino
943 2115 1121 2155 carmine
1141 2114 1280 2155 landes

313 2190 538 2230 instaurare
558 2190 673 2230 suas!
703 2188 847 2229 Prisca}
865 2199 961 2228 nam
981 2187 1151 2240 poenitet
1176 2186 1293 2227 illum
1546 2189 1599 2228 20

310 2261 511 2313 Historia),
533 2268 572 2303 et
590 2262 777 2315 quamvis
797 2261 954 2314 magnis
975 2259 1206 2301 auctoribus
1225 2265 1344 2313 atque

309 2335 497 2375 Mellissuo
519 2335 715 2375 celebrata
736 2334 848 2375 ducis
875 2333 1091 2374 dictamine
1110 2337 1234 2385 gesta,

308 2408 505 2448 Carminis
527 2413 698 2448 aetcrnos
715 2413 826 2460 optat
849 2406 1026 2446 melioris
1048 2405 1238 2446 honores.

306 2482 363 2521 Ac
381 2485 426 2521 tu
449 2480 512 2522 cui
536 2481 693 2534 pridem
713 2479 906 2532 Capitolia
925 2478 1030 2519 celsa
1050 2478 1249 2518 dederunt

305 2554 475 2595 Vatibus
492 2559 702 2595 assuetum
721 2552 905 2594 Phoebeae
924 2550 1079 2592 frondis
1097 2550 1308 2600 honorem,
1540 2553 1592 2591 25

1595 1109 1618 1145 U!
