1865 2959
830 215 876 222 —
901 196 971 231 ⁶214
996 216 1040 223 ——

293 279 494 332 Turpibus
515 278 666 318 addixit
691 279 847 332 laqueis
865 280 1132 334 crucibusque
1154 282 1215 322 vel
1237 282 1334 335 igni,

292 351 524 393 Mensbona
542 362 630 404 qua}
649 363 733 391 non
755 352 948 405 supplicio
971 353 1039 393 sed
1059 359 1165 394 sorte
1186 360 1372 396 movetur

291 423 435 464 Infami
452 423 641 476 trepidat,
669 428 757 463 tum
785 424 817 464 si
841 425 1072 476 generosior
1092 426 1146 466 illi
1528 431 1579 468 30

292 493 476 535 Conditio
504 493 645 533 mortis
667 493 798 534 subito
822 495 953 545 detur,
975 495 1098 536 altera
1124 495 1269 537 frontis

293 564 470 618 Effigies,
494 565 710 618 vultusque
731 566 831 606 alius
853 566 1061 618 formatur,
1082 573 1119 608 et
1141 574 1253 609 extra

294 637 466 678 Pectoris
489 643 683 690 apparent
703 638 891 692 lacrymis
910 651 1013 679 nova
1033 641 1177 692 gaudia
1195 641 1309 682 fusis.

292 710 436 751 Laetior
455 710 542 763 ipsa
561 711 725 763 quidem
744 712 954 764 positaque
979 713 1184 754 decentior
1203 714 1282 764 ira,

292 785 457 836 Optatos
478 783 613 823 visura
632 783 756 833 locos,
779 784 917 836 regina
943 785 1138 826 modestis
1528 791 1578 828 35

294 854 482 895 Passibus
500 855 738 907 ingreditur.
761 856 932 896 „Iuvenis
959 857 1021 897 oui
1048 857 1169 909 cingit
1190 863 1407 913 utrumque

292 927 426 967 Turba
445 927 566 977 latus,
588 927 736 967 veteris
756 934 943 980 repetens
963 930 1079 982 quasi
1100 930 1257 971 somnia
1282 931 1389 971 vitae.

292 1000 409 1039 Haud
427 998 565 1051 procul
585 1011 605 1039 a
623 999 710 1052 ripa
730 999 878 1040 Lethaei
903 1000 1085 1041 fluminis
1103 1002 1172 1042 illa

292 1072 388 1119 Quae
408 1071 512 1124 capit
532 1071 736 1124 expositos
761 1072 1046 1126 inamoenaque
1062 1073 1187 1114 mittit
1204 1074 1246 1114 in
1268 1079 1395 1126 antra,

294 1142 484 1183 Planities
502 1143 670 1184 obscura
686 1145 806 1197 jacet,
836 1156 925 1197 quae
945 1145 1115 1186 collibus
1146 1146 1242 1186 atris
1530 1150 1581 1188 40

294 1215 498 1267 Cingitur;
520 1215 587 1256 hic
605 1215 697 1256 latis
716 1222 865 1258 aeterna
884 1217 1043 1259 silentia
1061 1219 1213 1272 campis

293 1290 536 1341 Myrtaeaque
557 1288 798 1330 umbriferos
822 1296 937 1331 vetus
958 1291 1084 1331 ambit
1114 1292 1213 1332 silva
1236 1303 1433 1332 recessus.

294 1362 382 1400 Non
399 1360 464 1400 hic
485 1373 691 1402 armorum
712 1362 902 1415 strepitus
924 1364 1153 1404 studiumve
1174 1363 1420 1405 frementum

294 1432 581 1485 Cornipodum,
606 1445 688 1473 non
708 1446 803 1475 cura
822 1447 968 1476 canum
988 1436 1270 1489 pecudumque
1295 1436 1514 1489 boumque,

295 1505 371 1544 Sed
392 1504 504 1544 labor
523 1510 562 1545 et
579 1505 782 1558 lacrymae,
810 1512 848 1548 et
871 1507 989 1560 longo
1012 1508 1185 1560 suspiria
1204 1513 1348 1558 tractu,
1530 1511 1581 1548 45

293 1578 342 1616 Et
365 1577 512 1617 macies
532 1578 752 1631 odiumque
772 1579 849 1629 sui,
870 1580 1076 1633 pallorque
1094 1580 1312 1633 ruborque,

292 1651 341 1688 Et
362 1649 620 1690 malesuadus
639 1662 767 1701 amor,
794 1651 939 1702 scelus,
964 1652 1037 1703 ira,
1063 1652 1244 1705 fidesque
1270 1653 1445 1706 dolique,

292 1722 493 1773 Furtaque
513 1721 719 1762 blanditiis
745 1723 946 1773 immixta,
964 1726 1161 1778 jocusque
1184 1724 1391 1778 dolorque,

294 1795 342 1833 Et
362 1793 467 1833 risus
486 1794 620 1834 brevis
642 1800 680 1835 et
700 1794 790 1836 ficto
808 1797 985 1849 perjiiria
1005 1797 1118 1837 vultu
1132 1830 1141 1847 ‚

295 1865 520 1919 Crebraque
535 1867 609 1907 sub
631 1868 728 1908 raris
751 1868 936 1910 habitant
957 1869 1164 1910 mendacia
1185 1869 1303 1910 veris.
1530 1873 1581 1909 50

341 2033 395 2063 28.
412 2031 557 2064 Adduxit
578 2033 612 2064 in
632 2033 685 2064 ed.
707 2033 798 2072 Bas,
816 2034 945 2066 addixit
962 2035 993 2065 in
1014 2034 1168 2066 omnibus
1190 2043 1252 2065 ms.

340 2090 396 2121 29.
418 2088 517 2122 Forte
538 2089 570 2121 in
591 2091 643 2122 ed.
662 2091 753 2129 Bas„
773 2094 859 2123 sorte
879 2092 912 2123 in
933 2101 996 2124 ms.
1020 2092 1058 2131 Α,
1079 2092 1118 2130 Β,
1140 2091 1175 2129 C,
1192 2092 1229 2122 D.

341 2147 396 2177 30.
422 2145 638 2189 Trepidatque
658 2152 769 2180 tamen
787 2149 977 2190 generosior
999 2158 1037 2181 ac
1055 2150 1083 2181 si
1103 2149 1137 2180 in
1158 2149 1210 2181 ed.
1233 2149 1320 2188 Bas„
1342 2149 1486 2192 trepidat
1511 2154 1581 2182 tum

294 2204 322 2235 si
341 2205 528 2245 qenerosior
545 2205 595 2237 illi
613 2207 646 2236 in
665 2206 817 2238 omnibus
839 2217 898 2238 nis.

342 2263 396 2292 31.
417 2262 523 2294 Datur
543 2263 573 2293 in
596 2264 647 2294 ed.
672 2264 760 2302 Bas„
781 2263 877 2296 detur
897 2264 929 2295 in
949 2263 1102 2295 omnibus
1116 2272 1202 2302 ms.;
1223 2263 1323 2304 fantis
1337 2273 1395 2306 pro
1411 2264 1530 2306 [mutis
1547 2265 1577 2296 in

297 2328 359 2351 ms.
377 2319 414 2357 B,
437 2319 471 2356 C,
494 2321 530 2350 D.

342 2377 395 2407 37.
424 2376 551 2409 Veteres
567 2378 598 2408 in
615 2379 667 2410 ed.
691 2379 782 2416 Bas„
802 2379 917 2410 veteris
939 2377 971 2409 in
991 2377 1144 2409 omnibus
1166 2387 1226 2410 ms.

343 2436 394 2465 42.
424 2434 512 2468 Velm
534 2435 565 2466 in
587 2437 637 2467 ed.
659 2437 746 2474 Bas„
768 2439 858 2468 vetus
879 2436 910 2467 in
929 2436 1083 2468 omnibus
1104 2445 1165 2467 ms.

344 2493 395 2526 ⁴7.
420 2491 513 2525 Fides
535 2493 566 2524 in
588 2494 640 2524 cd.
661 2494 720 2525 Bas
739 2518 749 2532 ‚
769 2494 911 2536 fidesque
931 2494 964 2525 in
985 2493 1140 2526 omnibus
1158 2503 1218 2526 ωε.
