1865 2959
820 257 864 262 —
891 238 956 273 37¹
988 258 1031 263 -

283 319 491 368 mandere,
514 332 564 360 ne
589 321 765 360 exundet
786 321 885 361 adeo
905 321 1011 374 quod
1035 322 1151 362 taedia
1168 322 1317 374 gignat.

281 395 382 445 Ergo
403 392 494 432 licet
521 391 642 432 suerit
659 392 856 433 bellorum
877 405 996 434 causa
1023 395 1246 445 Saguntum

282 464 487 505 Grassanti
510 466 631 504 Poeno
646 463 738 504 fidei
756 465 983 517 integritate
1002 466 1208 515 resistens,

282 539 330 576 Et
349 536 438 576 licet
457 535 646 588 Hispanis
673 536 828 576 sublata
848 542 983 578 mento
1004 538 1220 590 triumphis

282 607 481 649 Hannibal
502 607 676 657 intrarit,
698 609 850 649 victuro
877 610 1017 659 milite,
1039 611 1168 662 ruptis

282 680 466 733 Alpibus,
487 680 654 731 ltaliam,
674 681 945 721 exhausturus
967 683 1160 733 sanguine
1181 685 1364 728 Romaiu.

282 754 330 792 Et
355 752 445 792 licet
463 753 504 792 in
526 753 655 804 primo
681 765 897 805 congressu
922 753 1052 805 Scipio
1074 759 1227 806 patrem

283 825 521 877 Imperiique
552 825 672 864 decus
692 831 901 877 properato
925 825 1067 866 robore
1090 826 1197 866 solus

280 896 457 944 Toxerit,
486 901 605 948 atque
626 897 710 935 suis
737 896 925 936 Trebiam
954 897 1045 937 licet
1074 896 1203 938 Africa
1225 899 1338 938 victis

280 968 348 1009 Bis
366 967 494 1008 titulis
518 973 719 1018 numeret,
740 968 830 1009 licet
848 969 943 1009 hinc
961 975 1000 1010 et
1019 971 1164 1010 Tuscia
1188 970 1290 1011 fierit

281 1039 527 1080 Flaminium
547 1041 658 1081 Poeni
679 1053 767 1081 rara
789 1041 935 1093 pietate
957 1042 1176 1094 sepultum,

281 1112 436 1164 Apulus
456 1124 500 1152 ac
517 1112 627 1152 illinc
645 1114 806 1163 Cannae,
829 1117 888 1153 tot
907 1113 1086 1154 millibus
1107 1114 1185 1154 alto

282 1184 485 1236 Sanguine
517 1185 743 1236 prostratis,
766 1185 967 1225 damnarit
988 1184 1120 1226 flebile
1139 1198 1288 1227 nornen
1306 1201 1315 1236 ;

282 1258 413 1309 Atque
432 1256 523 1297 licet
541 1257 726 1309 geminus
745 1257 932 1298 lustravit
953 1258 1093 1298 consul
1116 1258 1249 1298 Iberos

282 1329 511 1369 Romanum
530 1328 707 1369 fundens
733 1329 898 1381 indigna
920 1330 1025 1370 ccede
1051 1342 1257 1380 cruore1113

283 1403 331 1441 Et
348 1401 454 1450 licet,
477 1400 553 1441 hoc
573 1406 655 1441 toto
675 1401 807 1442 feralis
826 1407 1010 1454 tempore
1031 1402 1140 1452 belli,

283 1474 383 1513 Tam
402 1485 512 1514 mare
533 1485 653 1526 quain
675 1473 794 1514 tellus
815 1474 956 1514 Latiali
984 1475 1178 1527 sanguine
1199 1475 1359 1528 pinguis

285 1545 467 1595 Undarit,
490 1545 637 1586 totiens
658 1547 780 1586 Poeno
801 1546 1009 1599 frangente
1032 1547 1193 1587 Latinos
1211 1562 1220 1597 ;

284 1617 460 1657 Plurima
482 1616 564 1657 sors
590 1617 736 1658 seriem
757 1618 973 1658 moderans
993 1618 1194 1659 cinctutus
1214 1619 1382 1669 omittis,

282 1690 406 1731 Multa
424 1690 661 1742 triumphali
686 1690 768 1730 fors
788 1691 928 1730 scribis
944 1697 1054 1743 gesta
1074 1690 1248 1742 flabello,

283 1763 486 1815 Multaque
512 1762 592 1803 fors
619 1763 757 1816 clipeis
778 1764 924 1815 pingis,
945 1764 1026 1804 fors
1042 1763 1172 1804 inulta
1188 1765 1334 1816 tapetis

285 1837 501 1874 intertexta
522 1839 660 1874 notas:
684 1846 848 1875 necnon
872 1841 911 1875 et
934 1835 1062 1875 multu
1085 1835 1233 1875 referre

285 1905 489 1946 Flebiliter
512 1906 637 1946 victos
661 1907 872 1955 inducens,
897 1907 1022 1947 inulta
1042 1907 1212 1960 superbe

285 1977 464 2018 Victores
483 1978 632 2030 Jactare
652 1984 721 2018 tuo
742 1978 824 2018 fors
849 1979 1027 2019 carmine
1052 1978 1185 2031 fingis.

284 2051 364 2090 Nec
383 2049 522 2090 miuus
544 2051 733 2090 Ausonia}
752 2056 791 2090 te
810 2051 926 2091 credo
948 2052 1124 2091 recidere
1140 2051 1231 2091 lites

286 2125 393 2172 Quos
417 2123 583 2164 meliore
608 2123 713 2176 polo,
743 2136 842 2176 quos
867 2125 965 2164 duro
987 2127 1110 2165 Marte
1132 2125 1358 2177 triumphos

284 2196 408 2236 Auxit
426 2197 553 2236 Roma
572 2195 683 2236 ferox
701 2196 866 2236 demum
887 2197 1125 2249 Carthagine
1146 2198 1261 2237 victa.

285 2270 385 2308 Nam
404 2268 495 2308 licet
520 2268 653 2308 attrito
683 2269 822 2309 Latiali
846 2269 988 2309 robore
1007 2269 1213 2321 quondam

286 2340 448 2381 Sidonio
470 2352 607 2393 poenas
632 2341 780 2381 totiens
801 2341 947 2381 afflicta
966 2341 1143 2381 dodisset

286 2414 412 2452 Roma
434 2413 539 2462 duci,
562 2424 721 2465 semper
738 2413 891 2453 cunctis
912 2413 1060 2453 invicta
1078 2412 1206 2452 ruinis

287 2485 474 2526 Cladibus
495 2485 659 2525 emersit
689 2497 857 2538 surgens
877 2486 924 2525 ad
949 2485 1081 2538 prielia
1107 2486 1249 2537 major.

1518 542 1570 578 (io

1520 902 1570 937 (333

1520 1262 1571 1298 Ἡ)

1521 1982 1572 2019 80

1518 2343 1570 2380 85
