1865 2959
878 190 1087 226 —226—

338 276 519 328 Respice,
543 276 574 316 si
597 275 725 316 civem
747 274 951 316 crudelem
976 275 1177 315 sensimus
1198 275 1380 324 hostem,

337 349 397 387 Tu
420 347 516 387 civis
539 347 627 400 pius
647 359 734 387 esse
754 346 868 397 velis,
889 347 957 399 qui
979 347 1122 387 diceris
1142 346 1288 388 hostis.
1307 362 1326 384 »

390 419 516 469 Dixit,
532 424 568 458 et
588 423 680 459 ante
702 419 823 471 pedes
838 419 965 471 jacuit
983 419 1167 469 victoris;
1192 424 1231 459 at
1250 418 1316 459 ille

336 491 461 543 Erigit
485 495 525 531 et
544 491 659 531 vultu
678 491 896 543 respondet
916 502 1041 543 pauca
1060 502 1197 531 severo
1218 505 1226 530 :

343 577 360 599 «
385 564 473 603 Non
491 562 599 615 pacis
619 568 808 603 tractator
834 575 920 615 ego,
947 563 1016 602 sed
1037 563 1163 602 victor
1189 567 1228 602 et
1249 562 1356 603 ultor
1544 564 1622 603 345

336 637 434 675 Sum
457 635 650 676 scelerum
668 649 677 685 ;
703 635 870 689 Libycas
892 634 1059 675 memini
1080 635 1344 675 transmissus
1365 635 1414 675 ad
1436 646 1524 675 oras

336 708 463 756 Quam
486 706 585 746 mihi
612 718 723 759 spem
748 706 907 747 fortuna
936 705 1052 756 ferat,
1074 706 1240 746 victoria
1261 718 1382 759 quam
1411 706 1461 746 sit

336 780 464 818 Prona
483 778 584 819 mihi
606 784 749 818 notum
770 783 845 828 est,
868 778 938 818 sed
960 790 1025 818 nie
1045 784 1182 818 tamen
1210 778 1352 818 ultima
1371 779 1492 819 vestri

336 852 431 890 Fata
452 856 640 900 inovent3
669 851 851 890 animum
873 862 1028 903 nequeo
1053 851 1237 903 posuisse
1253 850 1498 903 benignum,

335 923 508 962 Mundus
529 928 572 963 ut
589 927 777 975 agnoscat
804 922 859 963 sic
879 934 953 963 nos
975 923 1039 975 pia
1058 923 1161 963 bella
1182 935 1359 974 movere,
1545 926 1621 964 350

335 997 385 1035 Ut
406 1000 542 1035 nostro
569 995 620 1035 sit
638 996 746 1048 pacis
767 1007 881 1035 amor
904 995 979 1035 snb
1003 1000 1161 1048 pectore
1182 1007 1356 1048 semper,

333 1068 538 1108 Paruimus
558 1067 749 1120 indignis.
772 1069 851 1108 Has
873 1068 982 1120 pacis
1007 1068 1115 1120 figite
1135 1067 1245 1120 leges

332 1139 548 1189 Mentibus,
571 1145 609 1180 et
629 1152 787 1180 servare
809 1139 930 1180 fidem
952 1140 1170 1180 condiscite
1197 1140 1320 1180 tantis

331 1211 518 1252 Cladibus
539 1211 683 1262 edocti,
708 1214 964 1265 superosque
985 1217 1023 1251 et
1044 1217 1181 1251 sancta
1201 1212 1327 1252 vereri

333 1283 512 1323 Foedera.
537 1283 603 1323 ssis
623 1284 746 1324 denas
766 1295 849 1323 non
869 1284 974 1324 ultra
993 1283 1035 1323 in
1057 1283 1190 1323 littore
1211 1295 1334 1323 naves
1540 1285 1618 1321 3553

336 1357 377 1395 ln
397 1356 547 1408 patrios
570 1361 724 1396 servate
746 1368 870 1406 usus3
896 1367 978 1396 non
1001 1355 1105 1396 bella
1125 1355 1316 1396 movendi

331 1431 404 1469 Jus
430 1429 544 1469 vobis
569 1429 705 1482 populi
726 1429 914 1481 injussu3
942 1429 1021 1468 sint
1042 1427 1177 1481 praelia
1196 1427 1323 1467 nostri

331 1501 496 1541 Arbitrii
515 1516 523 1551 ;
545 1506 676 1541 vestro
703 1501 821 1541 tellus
842 1500 1022 1553 Hispana
1043 1500 1209 1540 subesse

332 1574 496 1614 Desinat
520 1573 708 1625 imperio,
733 1573 930 1613 vestrisne
952 1572 1131 1625 quiescat
1155 1571 1203 1611 ab
1225 1571 1347 1612 arinis

330 1646 464 1687 Insula
482 1646 593 1686 nullu
610 1644 712 1686 freto
734 1645 841 1697 quod
860 1656 934 1684 nos
955 1644 1179 1696 interjacet,
1200 1649 1239 1683 et
1263 1655 1336 1683 vos
1541 1644 1620 1683 360

330 1720 418 1758 Non
438 1718 574 1770 procul
602 1730 623 1757 a
644 1717 788 1770 Libyco
815 1717 921 1756 vivat
944 1716 1016 1756 sibi
1038 1716 1165 1756 libera
1190 1717 1312 1755 Marte

330 1790 498 1831 Vincula
517 1790 699 1843 captivis,
720 1795 940 1842 turpesque
962 1788 1117 1829 auferte
1145 1795 1306 1828 catenas

334 1863 537 1903 Victorum
558 1863 754 1915 pedibus3
781 1867 858 1902 stet
878 1861 990 1902 vobis
1017 1861 1226 1914 transfuga
1244 1861 1397 1911 nullus,

330 1936 472 1977 Nullus
492 1936 535 1975 in
556 1935 666 1975 ltalia
686 1938 901 1975 Poenoruni
923 1935 1120 1975 exercitus
1141 1934 1245 1974 ultra

332 2012 583 2058 permaneat,
604 2012 839 2060 vestrosque
861 2007 982 2047 duces
1002 2018 1182 2047 remeare
1198 2006 1352 2058 jubete.
1541 2007 1618 2045 305

377 2258 452 2289 355.
476 2255 568 2290 Ultra
588 2257 700 2289 littora
720 2256 750 2288 in
773 2258 824 2288 el.
847 2257 937 2295 Bas,
964 2255 1053 2287 ultra
1076 2255 1109 2287 in
1129 2254 1239 2287 littore
1258 2254 1290 2285 in
1313 2263 1375 2285 ms.
1398 2256 1437 2292 A,
1454 2253 1542 2285 ultra
1562 2253 1618 2284 lit-

331 2318 400 2347 tore
417 2315 450 2346 in
471 2324 533 2346 ms.
553 2315 575 2345 E
598 2318 630 2346 ot
650 2316 702 2346 cit.
723 2314 836 2346 Venet.

376 2373 452 2403 356.
473 2371 651 2405 Servare...
670 2371 750 2403 sella
769 2371 803 2402 in
818 2371 870 2402 etl.
887 2371 976 2408 Bas„
993 2372 1162 2401 servate...
1182 2369 1265 2401 bella
1284 2368 1315 2399 in
1334 2367 1486 2400 omnibus
1503 2377 1563 2399 ms.

377 2431 455 2462 361.
474 2428 573 2461 Juvat
595 2429 628 2460 in
649 2430 702 2461 ed.
726 2429 818 2466 Bas,
840 2429 923 2460 vivat
945 2428 977 2459 in
1000 2427 1152 2458 omnibus
1172 2436 1234 2458 ms.

378 2488 454 2518 363.
472 2486 568 2519 Nobis
588 2486 619 2518 in
642 2487 695 2518 ed.
718 2486 808 2523 llas..
830 2485 915 2517 vobis
933 2485 963 2516 in
987 2494 1047 2516 nis.
1072 2486 1110 2521 A,
1133 2484 1168 2521 B,
1191 2484 1224 2522 C,
1250 2484 1286 2522 D,
1309 2483 1341 2514 E.
