1865 2959
839 315 880 321 -
909 294 979 329 35⁶2
1007 314 1048 320 —

302 383 526 433 Prosequor
546 380 711 432 augurio
737 378 877 420 laetus:

308 539 324 561 «
345 524 417 564 Hic
436 536 506 576 ego
523 536 617 564 nam
636 523 753 576 longe
773 523 905 563 clausa
927 521 1001 562 sub
1021 522 1122 562 valle
1145 522 1355 563 sedentem

301 597 449 648 Aspexi
466 598 680 648 juvenem:
706 596 787 636 dux
808 608 830 635 o
851 594 1072 644 carissime,
1094 595 1283 647 quisnam
1305 600 1365 635 est

302 670 430 717 Quem
450 668 564 708 video
583 673 742 708 teneras
767 667 871 707 inter
892 666 1111 707 consistere
1129 666 1277 715 lauros,

303 742 351 780 Et
368 739 565 780 viridante
583 752 717 780 comas
740 739 1007 780 meditantem
1027 738 1230 790 incingere
1252 739 1394 779 ramo?

301 812 442 853 Nescio
463 812 574 865 quid,
596 812 675 852 nisi
695 811 810 852 fallor
830 811 955 861 enim,
979 810 1053 851 sub
1073 815 1231 863 pectore
1251 816 1385 851 versat
1512 813 1591 851 220

301 885 599 938 Egregiumque
625 884 833 937 altumque
852 883 989 923 nimis.
1015 905 1066 912 —
1090 884 1179 922 Non
1202 881 1364 932 falleris,
1388 882 1535 935 inquit,

302 960 483 1010 Agnosco
500 959 695 1009 Juvenem
726 968 812 996 sera
835 956 883 995 de
913 960 1031 1007 gente
1058 959 1267 1007 nepotum,

301 1030 428 1078 Quem
453 1029 560 1081 regio
591 1028 712 1068 Italiae
736 1039 908 1081 quemve
936 1027 1076 1067 ultima
1098 1025 1271 1079 proferet
1291 1031 1401 1067 aetas.

300 1102 417 1141 Hunc
431 1101 503 1141 tibi
520 1100 647 1141 Tusca
666 1100 776 1141 dabit
793 1100 884 1140 latis
906 1099 1107 1140 Florentia
1132 1099 1259 1139 muris

300 1172 491 1213 Romulea
513 1172 644 1213 radice
662 1172 811 1222 oriens,
835 1171 931 1211 urbs
951 1171 1102 1223 inclyta
1119 1170 1340 1223 quondam,
1514 1172 1592 1209 225

301 1246 414 1285 Nunc
435 1245 551 1295 nihil,
576 1250 669 1285 utve
690 1256 813 1297 queas
838 1248 949 1284 ortus
974 1242 1147 1283 confinia
1165 1254 1310 1291 nosse,

303 1316 445 1356 Divitis
459 1316 628 1368 exiguus
646 1328 785 1356 muros
804 1315 997 1356 interluet
1019 1314 1129 1355 urbis

301 1390 450 1438 Arnus,
473 1389 516 1428 in
538 1388 728 1429 Ausoniae
749 1388 999 1428 descendens
1025 1387 1161 1427 littora
1179 1387 1295 1427 Pisae.

303 1460 370 1500 llle
390 1460 458 1500 diu
487 1459 673 1513 profugas
693 1459 895 1501 revocabit
917 1459 1093 1500 carmine
1113 1461 1246 1500 Musas

301 1534 478 1585 Tempus
492 1533 535 1572 111
550 1537 791 1583 extremum,
814 1536 1048 1584 veteresque
1064 1531 1252 1571 Helicone
1270 1542 1425 1571 sorores
1510 1532 1588 1570 230

302 1604 518 1656 Restituet,
544 1605 652 1645 vario
674 1605 858 1658 quamvis
881 1603 1056 1657 agitante
1076 1602 1270 1643 tumultu.

301 1677 510 1718 Francisco
530 1677 593 1718 cui
620 1690 772 1718 nomen
792 1677 881 1727 erit⁷
906 1676 975 1729 qui
999 1676 1165 1729 grandia
1186 1675 1287 1716 facta

300 1750 445 1790 Vidisti
461 1762 549 1803 quae
571 1755 714 1791 cuncta
739 1750 870 1790 oculis
892 1761 964 1789 ceu
985 1760 1129 1801 corpus
1149 1747 1191 1787 111
1208 1759 1339 1788 111111111

299 1821 474 1874 Stringet
501 1826 540 1862 et
561 1821 759 1874 Hispanas
781 1821 885 1861 acies
905 1820 1120 1873 Libyaeque
1140 1819 1296 1859 labores

302 1893 610 1946 Scipiadamque
624 1898 758 1943 tuum,
782 1892 1006 1944 titulusque
1026 1891 1223 1944 poematis
1244 1890 1298 1930 illi
1515 1891 1593 1929 235

301 1965 447 2006 Africa.
475 1966 580 2014 Quin
603 1966 723 2006 etiam
750 1965 902 2017 ingenii
929 1964 1073 2005 fiducia
1093 1964 1268 2016 quanta!

301 2040 483 2087 Quantus
500 2043 588 2090 aget
606 2037 775 2078 laudum
790 2036 1002 2077 stimulus!
1025 2038 1203 2089 Seroque
1222 2034 1430 2087 triumpho

348 2191 423 2222 215.
447 2190 503 2222 Hic
525 2190 771 2231 interjiciuntur
789 2190 821 2221 in
843 2190 896 2221 ed.
919 2189 994 2220 Bas.
1013 2198 1069 2220 sex
1087 2197 1201 2220 versus
1217 2196 1299 2227 quos
1316 2187 1355 2218 ad
1373 2185 1472 2217 finem
1493 2184 1592 2226 hujus

299 2247 387 2286 libri,
411 2250 446 2279 ut
465 2247 497 2278 in
522 2248 677 2279 omnibus
700 2257 776 2285 ms,
798 2247 899 2288 leges.
926 2247 1039 2278 Exstat
1063 2247 1132 2277 haec
1153 2244 1286 2286 postilla
1306 2244 1339 2275 in
1361 2242 1510 2284 margine
1530 2251 1591 2273 ms.

299 2305 347 2335 A:
371 2304 430 2336 Hic
450 2305 548 2336 debet
568 2304 731 2336 interesse
752 2307 853 2336 totum
884 2303 1048 2335 somnium
1070 2302 1164 2333 Ennii
1191 2301 1273 2333 forte
1295 2310 1353 2342 per
1376 2309 1479 2332 unum
1506 2300 1592 2331 latus

300 2362 383 2401 quod
405 2362 458 2392 hic
478 2361 601 2398 deficit,
622 2362 673 2393 vel
689 2361 766 2401 quia
787 2361 961 2392 Petrarclia
978 2370 1042 2391 non
1061 2359 1180 2399 posuit,
1202 2359 1250 2389 wl
1273 2359 1348 2398 (111111
1367 2359 1511 2389 deletum
1530 2359 1589 2389 est.

345 2420 420 2450 226.
446 2418 483 2450 Ul
502 2428 642 2460 nequeas
660 2419 691 2449 in
710 2419 763 2450 ed.
785 2419 875 2456 Bas„
898 2421 972 2449 utve
990 2426 1086 2458 queas
1107 2416 1139 2447 in
1161 2425 1223 2447 ms.
1246 2417 1284 2453 Α,
1309 2417 1340 2452 n,
1360 2417 1395 2452 C,
1419 2416 1454 2452 1),
1479 2415 1511 2445 E.

345 2476 421 2506 227.
444 2476 603 2517 Eqreqius
625 2485 683 2516 pro
704 2475 843 2516 exiguus
861 2484 948 2506 corr.
973 2474 1004 2504 in
1024 2483 1085 2504 ms.
1104 2474 1143 2511 A,
1165 2475 1196 2504 ot
1217 2473 1291 2504 inde
1309 2472 1341 2503 111
1362 2481 1420 2502 1119.
1444 2472 1480 2509 B,
1501 2471 1535 2510 C,
1554 2472 1589 2502 D.

345 2533 422 2563 228.
445 2531 554 2564 Armis
576 2532 607 2563 in
622 2533 677 2564 ed.
695 2533 784 2570 Bas„
805 2531 912 2564 Arnus
935 2531 967 2562 in
988 2531 1141 2562 omnibus
1158 2539 1219 2561 nis.

347 2591 424 2620 230.
453 2589 579 2622 Veteres
600 2590 631 2620 in
653 2591 704 2622 ed.
728 2591 815 2628 Bas„
838 2593 1023 2628 veteresque
1045 2588 1076 2619 in
1099 2587 1250 2619 omnibus
1270 2595 1330 2617 ms.
