1865 2959
619 556 816 598 LIBER
876 549 1208 592 OCTAVUS.
1254 607 1258 610 .

848 682 988 692 ——u

696 852 1041 891 ARGUMENTUM
1074 835 1139 882 (1).

419 969 539 998 Pronus
557 964 596 996 ad
617 962 781 995 Oceanum
803 959 850 991 sol
871 958 1031 994 venerat3
1053 954 1130 986 inde
1147 951 1288 994 receptis

416 1022 591 1055 Hostilibus
611 1019 727 1052 castris
747 1019 778 1049 et
798 1018 888 1056 rapto
907 1013 1053 1055 protinus
1074 1010 1161 1042 omni

419 1080 509 1120 Quod
529 1078 663 1110 dederat
683 1077 803 1108 multos
824 1076 855 1105 et
874 1081 936 1113 pax
956 1073 987 1102 et
1007 1069 1116 1110 praeda
1136 1075 1194 1108 per
1214 1075 1329 1104 annos,

419 1136 574 1169 Militibus
594 1134 630 1166 sit
646 1134 740 1175 jussa
759 1130 863 1172 quies.
882 1130 964 1160 Tum
983 1125 1110 1166 cespite
1130 1133 1243 1156 mensa

419 1191 617 1234 Composita,
638 1194 767 1222 traxere
787 1187 843 1219 diu
863 1183 1024 1224 colloquia
1043 1183 1142 1222 longa

422 1253 457 1283 In
479 1252 622 1287 noctem,
641 1247 813 1286 victusque
833 1243 888 1275 diu
907 1241 1062 1273 laudatur
1082 1240 1130 1270 eis
1148 1238 1227 1269 dux.

422 1306 671 1348 Intempestivus
690 1302 780 1335 venit
798 1301 886 1333 ultor
906 1297 1059 1330 Vermina
1078 1294 1191 1336 patris.

422 1366 562 1397 Exorant
577 1362 666 1394 Poeni
687 1368 816 1403 pacem,
839 1365 919 1397 quos
937 1353 1044 1394 Scipio
1064 1353 1178 1384 adusta

422 1421 532 1453 Classe
550 1418 701 1460 fatigatos
721 1416 760 1448 ad
782 1413 901 1446 Punica
920 1411 1028 1443 littora
1047 1407 1154 1449 liquit.

346 1537 499 1574 Pronus
529 1530 580 1570 ad
602 1530 804 1569 Oceanum
839 1523 1004 1575 cupiens
1020 1530 1182 1560 narrare
1200 1514 1409 1570 profundis

292 1605 539 1658 Antipodum
570 1599 728 1654 populis
754 1601 891 1638 nostro
920 1605 1009 1647 quae
1033 1592 1186 1633 viderat
1210 1589 1306 1630 orbe

293 1678 359 1719 Sol
379 1676 539 1729 rapidos
560 1670 792 1714 stimulabat
811 1679 950 1721 equos,
976 1664 1240 1715 nondumque
1279 1659 1436 1701 solutus

295 1749 425 1802 Scipio
444 1756 630 1788 curarum
661 1741 830 1795 laqueis,
858 1749 1045 1791 suprema
1062 1735 1250 1776 volutans

339 1862 398 1906 (1).
419 1863 442 1894 Ε
463 1870 526 1893 ms.
546 1860 571 1891 A
586 1861 790 1897 excerptum.
811 1855 878 1886 Hoc
898 1852 986 1884 aliud
1006 1851 1040 1883 in
1060 1851 1112 1882 ed.
1134 1849 1247 1881 Venet.
1271 1845 1394 1889 legitur
1413 1854 1421 1876 t

427 1920 565 1958 Jamque
584 1915 676 1947 ducis
691 1914 788 1955 jussu
808 1911 931 1952 rapitur
949 1906 1150 1950 Carthaginis
1174 1913 1305 1944 aurum,

430 1978 593 2015 Fessaque
611 1971 750 2004 victores
768 1969 980 2010 prosternunt
998 1974 1134 2006 corpora
1153 1965 1251 1995 terrae

430 2031 624 2066 Gramineae.
646 2029 697 2060 Fit
715 2036 822 2059 sermo
838 2026 973 2064 ducum,
993 2022 1169 2062 Leliusque
1188 2020 1323 2062 jubetur

431 2091 481 2122 Ire
501 2089 564 2121 iter
580 2087 613 2118 in
635 2085 772 2127 patriam
793 2086 829 2115 ut
848 2083 954 2124 portet
974 2089 1056 2113 nova
1076 2077 1211 2110 nuntius
1229 2075 1311 2108 urbi.

432 2145 592 2178 Hannibal
614 2142 765 2176 exsilium
784 2141 867 2172 clam
887 2137 1025 2180 proripit
1043 2144 1177 2177 aequore
1197 2135 1286 2165 vasto
1304 2142 1314 2171 ς

432 2203 540 2245 Pergit
559 2202 599 2234 ad
619 2200 824 2232 Antiochum.
849 2195 1005 2238 Syphacis
1025 2194 1112 2226 filius
1131 2193 1208 2225 inde

434 2259 579 2291 Vincitur
598 2257 803 2298 imprudens.
825 2252 970 2286 Stimulis
990 2251 1133 2294 agitatus
1152 2248 1280 2281 anhelis

435 2315 586 2349 Claudius
606 2314 638 2346 in
659 2313 791 2353 Libyam
811 2311 950 2343 tendens
971 2308 1160 2349 prohibetur
1178 2307 1217 2337 ab
1238 2306 1316 2337 alto.

437 2372 616 2404 Hasdrubal
634 2374 665 2403 et
682 2369 809 2402 veniam
830 2376 1007 2409 pacemque
1025 2365 1161 2406 jubente
1182 2366 1297 2394 senatu

437 2431 593 2471 Impetrat
610 2437 617 2458 :
641 2430 673 2459 at
690 2426 807 2458 victrix
827 2423 991 2465 protendit
1010 2422 1112 2454 lintea
1130 2419 1255 2452 classis.

351 2489 381 2521 t.
405 2486 568 2522 Curarunt
589 2485 622 2516 in
639 2484 692 2516 ed.
714 2483 805 2521 Bas..
825 2490 979 2515 curarum
999 2479 1031 2511 in
1049 2476 1199 2510 omnibus
1219 2484 1280 2508 ms.
