1865 2959
865 315 1005 351 -356
1036 335 1075 341 --

325 399 399 440 Hic
420 411 593 452 quoque,
614 399 805 452 Calliope,
833 410 1066 453 quanquam
1091 399 1165 439 sub
1185 399 1266 440 fine
1286 400 1454 449 voceris,

324 473 472 512 Dextra
494 473 603 523 voni,
632 485 801 525 seroque
820 472 960 514 favens
981 473 1123 513 assiste
1146 456 1290 513 labori.

322 543 530 585 Pulchrior
546 546 725 586 Ausonio
746 558 957 599 nunquam
977 551 1203 586 surrexerat
1227 545 1313 586 orbi

323 616 410 657 Ulla
432 617 544 670 dies;
567 630 681 658 roseo
704 618 862 659 vultum
883 618 1035 659 suffusa
1055 618 1201 659 rubore

322 689 518 731 Phoeheos
536 690 721 732 frenabat
741 703 863 743 agens
882 693 1036 731 Aurora
1051 690 1219 742 jugales.

319 762 462 802 Laetior
482 763 568 815 ipse
592 763 758 816 quidem
783 763 898 803 solito
921 768 959 803 et
983 762 1198 803 formosior
1213 762 1292 803 alte

318 836 501 887 Imperiis
521 836 689 889 urgebat
708 848 848 889 equOS,
867 838 952 888 jam
973 836 1127 876 lumine
1147 838 1317 876 Romam

317 908 638 961 Apenninigenae
656 913 842 961 spectans
868 908 917 948 de
938 908 1086 949 vertice
1113 908 1249 961 sylvae.

317 980 573 1021 Conveniunt
593 992 777 1033 proceres
797 993 807 1021 :
828 980 955 1033 portis
974 980 1055 1021 ruit
1077 980 1194 1021 obvia
1211 981 1345 1031 turba,

317 1053 444 1092 Sexus
472 1057 641 1105 uterque
660 1052 866 1106 frequens,
896 1057 992 1092 aetas
1011 1064 1053 1092 se
1072 1053 1241 1105 proripit
1267 1053 1415 1100 omnis,

315 1125 457 1165 Omnis
477 1125 608 1166 honos
629 1126 844 1178 omnisque
871 1125 1032 1177 gradus.
1058 1125 1339 1166 Substernitur
1362 1138 1457 1166 auro

315 1199 444 1239 Omne
463 1198 595 1239 solum
618 1204 657 1239 et
679 1199 801 1239 variis
821 1198 1084 1251 resplendent
1104 1198 1257 1250 pulpita
1285 1200 1471 1251 gemmis,

314 1271 496 1322 Purpura
518 1282 589 1322 per
607 1270 716 1311 vicos
741 1282 879 1322 sparsa
899 1276 974 1319 est,
996 1275 1034 1310 et
1052 1283 1231 1322 purpura
1250 1272 1365 1311 tectis

312 1341 489 1382 Obtentu
508 1341 662 1382 factura
679 1342 776 1382 viris
802 1342 1021 1382 victoribus
1048 1342 1227 1383 umbras.

311 1415 408 1455 Inde
429 1427 574 1456 senum
595 1415 685 1455 miti
705 1415 958 1455 descendunt
982 1415 1142 1467 agmina
1166 1416 1279 1457 vultu
1297 1431 1306 1466 ;

310 1487 412 1527 Hinc
432 1488 630 1540 Juvenum
659 1487 866 1539 phalerata
890 1487 1066 1539 phalanx
1087 1487 1129 1526 in
1148 1487 1289 1528 limine
1318 1488 1448 1540 primo

309 1561 536 1612 Exceptura
556 1561 716 1601 ducem.
736 1561 851 1601 Facie
873 1560 981 1601 subit
1001 1560 1067 1600 ille
1090 1572 1245 1610 serena,

308 1633 445 1673 Ardua
464 1645 665 1686 purpureo
685 1634 869 1674 residens
890 1633 964 1673 sub
986 1633 1138 1674 moenia
1158 1645 1278 1674 curru

308 1707 357 1744 Et
375 1705 504 1746 niveis
528 1706 713 1746 invectus
733 1706 862 1758 equis,
889 1706 1128 1758 generisque
1152 1705 1306 1745 ferebat.

308 1776 488 1817 AEtherei
508 1777 620 1818 frons
645 1778 751 1818 alma
774 1778 914 1818 fidem.
941 1779 1046 1817 Tum
1065 1777 1192 1817 millia
1213 1777 1358 1817 vinctis

308 1852 399 1890 Post
421 1855 579 1903 tergum
604 1851 793 1891 manibus
811 1851 956 1904 captivi
976 1850 1107 1891 tristia
1126 1849 1231 1901 vulgi

305 1923 532 1963 procedunt
546 1924 756 1964 Macedum
779 1934 978 1975 proceres,
1002 1935 1080 1975 quo
1102 1922 1207 1962 bella
1228 1922 1439 1974 Philippus

302 1997 472 2036 Foverat
492 1996 661 2048 auxili03
686 1998 853 2048 Sopater
873 1996 955 2036 dux
980 1995 1136 2048 primus
1159 2001 1197 2035 et
1218 1996 1353 2048 ipsum

302 2069 503 2121 Sanguine
524 2069 763 2121 contingens
780 2080 916 2121 regem
944 2067 1229 2108 incestissimus
1254 2066 1350 2107 ibat.

304 2143 397 2182 Post
414 2142 547 2182 omnis
562 2141 664 2194 legio
682 2141 871 2194 gravibus
893 2152 1074 2181 connexa
1099 2140 1252 2180 catonis

303 2214 546 2266 Insequitur,
570 2219 658 2253 tum
689 2218 801 2266 parte
821 2212 895 2253 alia
915 2212 1140 2265 spectacula
1164 2213 1301 2265 magni

300 2285 494 2338 Syphacis
514 2286 744 2325 miseranda
763 2285 926 2334 habitu,
951 2296 1126 2337 namque
1148 2285 1290 2325 obruta
1310 2285 1454 2325 vinclis

301 2359 510 2409 Majestas3
531 2357 720 2410 lacrymis
742 2362 884 2410 pectus
902 2362 1134 2409 terramque
1152 2357 1321 2409 rigabat,

1533 984 1611 1022 330

1528 1345 1606 1383 335

1525 1709 1602 1746 340

1519 2070 1596 2107 343

299 2429 500 2483 Flensquo
519 2435 624 2470 retro
645 2430 695 2471 ad
714 2441 910 2482 magnum
935 2428 1132 2469 referebat
1156 2429 1311 2470 lumina
1330 2429 1469 2470 crebro
1513 2432 1590 2470 350

344 2608 421 2638 341.
444 2606 577 2642 Cunctis
595 2608 628 2639 in
648 2609 700 2641 ed.
722 2609 811 2647 Bas„
834 2608 948 2640 vinctis
972 2607 1005 2638 in
1028 2616 1088 2638 ms.
1112 2607 1150 2645 A,
1170 2607 1205 2644 B,
1230 2607 1265 2644 C,
1289 2607 1326 2645 D,
1348 2607 1381 2637 F.
