1865 2959
767 258 975 294 —115-

241 344 289 382 Et
308 341 466 394 glaciale
485 341 630 392 solum,
645 341 828 392 Tanaim,
852 346 890 382 et
908 340 1093 381 Moeotida
1110 341 1249 382 duram

242 414 503 466 Riphaeosque
520 413 657 466 procul
673 418 884 466 tangemus
903 412 944 452 in
964 412 1110 453 aethere
1127 418 1297 454 montes.

241 486 375 526 Attriti
394 485 509 537 longo
529 484 681 537 fugient
699 484 914 525 certamine
932 495 1059 536 reges,
1425 484 1504 523 200

242 558 290 596 Et
310 556 432 596 vitam
455 555 574 596 simul
595 560 634 596 et
656 567 826 608 regnum
850 554 1080 607 bellumque
1098 554 1245 607 perosi.

242 628 380 680 Caspia
404 627 609 667 calcabunt
634 627 801 668 victores
820 627 1006 676 claustra,
1031 625 1210 667 Sabaeam

241 700 569 752 Turicremasque
595 700 750 750 domos,
776 698 913 739 intacti
931 698 1069 738 limina
1091 697 1231 750 templi

242 770 465 821 Intrabunt,
490 775 734 823 cernentque
748 770 858 822 adyti
877 769 1094 822 penetralia
1109 768 1223 809 sacri.

242 844 420 894 Purpura
434 853 515 882 non
526 841 631 894 illos,
647 853 728 881 non
743 853 909 894 gemmae
924 852 1147 893 aurumque
1163 839 1380 881 movebunt
1396 852 1405 878 :
1427 841 1505 879 ⁶205

241 913 465 953 Thesauros
488 913 594 954 inter
614 913 783 964 medios,
810 924 1002 953 mucrone
1021 912 1223 963 trementi,

242 986 456 1036 Paupertas
477 986 656 1025 Romana
674 985 800 1033 venit,
827 996 900 1025 nec
922 983 1099 1036 tangitur
1117 983 1211 1024 illis.

241 1056 374 1096 Insula
390 1068 473 1096 non
492 1060 574 1097 toto
593 1056 758 1097 restabit
773 1055 897 1096 libera
918 1060 1055 1108 ponto,

241 1129 328 1168 Non
350 1128 484 1178 tellus,
507 1140 577 1168 seu
596 1139 733 1180 pressa
752 1127 879 1177 vadis,
900 1139 969 1167 seu
988 1125 1184 1166 stantibus
1205 1126 1336 1166 astris.

241 1200 342 1241 Aula
361 1200 434 1240 sub
459 1200 674 1252 imperium
692 1199 826 1240 veniet
844 1198 1041 1239 ditissima
1063 1197 1197 1250 Cypri,
1429 1198 1507 1236 210

241 1273 354 1312 Creta
377 1270 708 1323 superstitionum
728 1271 870 1322 ingens
886 1270 1029 1310 domus
1048 1273 1166 1322 atque
1185 1268 1388 1321 magistra,

241 1343 539 1395 Euboicumque
558 1342 677 1393 latus,
699 1341 847 1382 Phoebo
868 1341 1033 1382 Rhodus
1048 1340 1196 1393 inclyta
1219 1345 1258 1381 et
1280 1340 1415 1390 undiS,

241 1417 344 1455 Tum
364 1415 456 1455 salis
472 1414 601 1467 AEgei,
627 1414 723 1455 coelo
742 1414 850 1455 velut
871 1419 976 1455 astra
996 1425 1150 1463 sereno,

241 1486 428 1539 Cyclades
454 1486 587 1527 effusae
607 1486 754 1536 medio,
778 1486 1019 1538 clypeusque
1045 1484 1217 1537 potentis

240 1558 465 1607 Trinacriae‚
489 1562 527 1598 et
547 1570 677 1598 crasso
698 1558 808 1598 dives
823 1557 1004 1598 Sardinia
1025 1556 1136 1606 coelo,
1431 1557 1507 1594 210

241 1630 534 1682 Pauperiorque
552 1629 633 1670 solo
656 1629 726 1670 sed
741 1629 883 1681 apricis
900 1628 1057 1669 Corsica
1078 1627 1197 1678 saxis,

240 1702 289 1740 Et
312 1700 506 1753 quidquid
527 1703 652 1741 Tusco
676 1702 782 1753 jacet
799 1712 970 1753 aequore,
996 1699 1190 1752 quidquid
1209 1698 1334 1749 Ibero,

240 1772 441 1824 Quidquid
461 1776 499 1812 et
523 1772 690 1812 Adriaco
706 1786 715 1821 3
734 1771 802 1812 sed
822 1771 911 1824 quis
932 1783 1023 1811 cum
1041 1770 1164 1811 classe
1181 1769 1419 1811 frementem

241 1843 316 1883 Ibit
334 1843 377 1883 in
392 1844 620 1884 Oceanum?
639 1843 898 1884 Fortissimus
916 1843 982 1884 ille
1000 1848 1194 1896 nepotum

241 1916 353 1955 Unus
369 1916 442 1956 erit
460 1928 617 1968 semper
634 1928 779 1969 magno
800 1915 1021 1956 cantandus
1038 1915 1081 1955 in
1106 1914 1216 1965 orbe,
1430 1914 1507 1952 220

241 1986 387 2028 Gallica
409 1987 477 2041 qui
501 1988 609 2029 vario
628 1987 841 2041 complebit
853 1999 946 2028 rura
966 1998 1125 2040 pavore,

240 2060 288 2098 Et
310 2058 452 2099 fluvios
472 2060 545 2100 atri
565 2060 727 2100 violabit
749 2058 952 2111 sanguinis
971 2059 1093 2099 unda.

243 2130 336 2170 Inde
354 2131 489 2184 procul
515 2131 611 2171 coelo
637 2136 676 2171 et
694 2136 799 2171 terra
816 2130 1033 2182 pelagoque
1052 2133 1231 2182 repostos

287 2303 361 2334 499.
379 2301 518 2335 AEthera
538 2303 568 2334 in
587 2304 637 2334 ed.
658 2304 745 2342 Bas„
763 2303 882 2336 oethere
902 2304 934 2335 in
955 2304 1105 2336 omnibus
1125 2312 1184 2335 ms.

286 2362 363 2391 208.
385 2359 440 2392 Tot
462 2360 494 2391 in
512 2361 565 2392 ed.
585 2361 671 2399 Bas„
692 2363 758 2392 toto
780 2361 812 2392 in
834 2361 984 2393 omnibus
1003 2370 1063 2392 ms.

287 2418 362 2447 209.
389 2416 479 2457 Vuyis
497 2416 527 2447 in
550 2418 601 2448 ed.
618 2417 704 2456 Bas„
723 2417 810 2448 vadis
831 2417 862 2448 in
883 2427 942 2449 ms.
964 2418 1000 2456 B,
1019 2417 1052 2456 C,
1074 2418 1112 2455 D,
1131 2417 1165 2447 E.

287 2473 362 2503 211.
381 2471 648 2514 Superstitionem
668 2474 700 2504 in
722 2474 773 2505 ed.
793 2474 882 2512 Bas„
902 2474 1167 2515 superstitionum
1186 2472 1219 2504 in
1240 2473 1390 2504 omnibus
1412 2481 1471 2504 ms,

287 2530 365 2561 219.
387 2529 439 2561 Illi
460 2530 491 2562 in
509 2530 562 2561 ed.
581 2531 671 2568 Bas„
688 2530 743 2563 ille
764 2530 795 2561 in
817 2540 878 2563 ms.
899 2531 936 2571 A,
951 2531 987 2571 B,
1003 2531 1037 2569 Ε,
1056 2531 1090 2562 F.
