1865 2959
850 186 1059 221 —239-

313 269 586 322 Sardiniaeque
605 268 708 309 latus
732 268 876 308 mediis
895 268 1149 308 disterminat
1169 267 1303 308 undis,

312 341 489 381 Libertas
510 340 696 392 equidem
716 340 915 392 Xantippo
937 339 1094 379 vindice
1117 339 1234 380 nobis

311 414 423 452 Tunc
442 412 573 463 periit,
595 411 854 463 tandemque,
874 423 1026 463 precor,
1044 416 1135 450 trux
1154 411 1212 450 ira
1234 410 1426 463 quiescat,

312 483 458 522 Molliat
477 483 542 522 ille
561 483 744 532 animos3
772 483 842 522 uni
866 482 961 522 satis
982 482 1079 522 ultio
1103 487 1215 522 tanta

313 556 397 593 Una
418 554 468 594 sit
487 553 662 603 offensae,
683 554 752 594 sed
773 565 881 593 nunc
900 553 1065 605 antiqua
1084 553 1293 602 recordor3

310 627 410 665 Nam
429 625 538 665 locus
557 625 784 674 admonuit,
811 624 938 665 scelus
958 630 997 665 et
1011 625 1187 664 vindicta
1207 624 1313 677 quod
1334 624 1410 663 isto

311 696 483 748 Contigit
502 696 544 735 in
564 696 716 748 pelago.
739 711 756 733 »
783 696 846 736 Sic
866 701 1048 748 questus,
1072 696 1240 736 vertitur
1257 695 1350 736 inde

309 767 370 806 Ad
389 766 544 817 laevam,
568 768 781 819 medioque
801 773 906 807 retro
926 767 1063 819 procul
1088 779 1246 820 aequore
1267 768 1384 807 Malta

310 841 412 878 Ante
432 839 499 878 sed
520 839 568 878 ad
596 839 776 878 dextram
799 839 977 891 Lilybeia
996 839 1129 878 littora
1149 838 1321 887 fervent,

309 910 593 962 Occultantque
611 912 700 950 sinu
722 911 886 962 Phrygii
906 916 1171 950 monumenta
1187 910 1372 962 sepulcri.

308 981 371 1020 Sic
390 981 549 1033 longam
569 981 721 1021 alterno
748 986 908 1021 noctem
937 993 1122 1022 sermone
1143 981 1348 1031 levabant,

309 1055 357 1092 Et
376 1058 557 1092 veterum
586 1065 786 1093 memores
805 1055 891 1105 jam
910 1058 1007 1093 tunc
1027 1058 1197 1093 ventura
1216 1053 1412 1094 timebant

308 1125 452 1164 Anxia.
475 1126 588 1164 Tunc
608 1125 718 1164 tenui
744 1124 1012 1164 succumbunt
1036 1129 1195 1176 pectora
1216 1136 1372 1175 50111110,

306 1198 354 1235 Et
375 1208 502 1236 novus
518 1199 597 1236 Eoo
625 1208 868 1248 consurgens
889 1198 1018 1236 Eurus
1041 1195 1088 1235 ab
1117 1207 1189 1236 axe

305 1268 442 1307 Lintea
461 1268 684 1320 complebat
702 1268 804 1308 facili
825 1267 1059 1319 crepitantia
1075 1268 1207 1319 pulsu.

358 1339 500 1379 Loelius
529 1339 614 1380 11100
633 1340 738 1379 inter
758 1339 948 1392 perducto
971 1351 1062 1391 rege
1086 1344 1295 1379 revertens

305 1411 558 1451 Accelerabat
586 1412 687 1461 iter3
716 1423 890 1464 namque
911 1411 1027 1451 illum
1047 1423 1136 1450 cara
1159 1411 1370 1451 trahebant

306 1485 425 1523 Jussa
449 1483 559 1523 ducis
580 1483 852 1536 profugusque
873 1483 1018 1532 1105115,
1038 1483 1292 1535 multumque
1311 1483 1480 1523 timebat

306 1556 363 1594 Ne
388 1555 473 1594 sine
495 1566 536 1594 se
555 1554 722 1595 fortasse
748 1555 834 1595 dies
855 1554 956 1594 foret
981 1554 1123 1594 ultima
1147 1555 1240 1594 belli

306 1628 540 1678 Exspectata
561 1627 635 1666 sibi
656 1639 826 1679 semper,
853 1639 943 1666 cum
968 1626 1075 1666 fania
1098 1632 1263 1678 repente

306 1697 447 1737 Incidit
467 1697 632 1737 hostiles
652 1710 787 1750 pacem
810 1699 1047 1750 veniamque
1070 1703 1276 1750 precantes

306 1768 438 1809 Affore
458 1769 621 1821 legatos,
647 1770 768 1821 Igitur
788 1776 998 1810 revocante
1020 1775 1161 1810 senatu

306 1840 447 1880 Laelius
464 1841 549 1893 ipse
568 1841 732 1881 domum
755 1842 924 1894 repetitq
947 1841 1001 1881 sic
1023 1842 1153 1881 dulcia
1171 1853 1269 1881 caree

305 1913 461 1953 Limina
481 1925 572 1952 cum
597 1918 749 1965 peteret
764 1913 927 1965 Juvenis
948 1913 1177 1954 malesanus
1202 1913 1352 1963 111111οῖ0,

354 2057 429 2088 686.
454 2056 663 2089 Discriminat
685 2066 770 2089 corr.
793 2066 850 2098 pro
871 2057 1076 2090 disterminat
1096 2057 1128 2089 in
1146 2067 1206 2090 ms.
1229 2059 1266 2094 Α,
1288 2059 1325 2096 B,
1347 2058 1381 2097 C,
1404 2059 1441 2089 D.

1511 555 1590 594 690

1511 913 1588 950 695

1509 1271 1586 1308 700

351 2114 428 2144 693.
449 2112 552 2145 Multa
573 2113 604 2144 in
625 2115 676 2145 ed.
704 2114 792 2151 Bas..
819 2113 920 2146 Malta
953 2114 984 2145 in
1012 2124 1074 2146 ms.
1096 2116 1131 2153 Β,
1160 2115 1195 2154 C,
1220 2116 1254 2154 E,
1277 2116 1298 2146 F
1319 2118 1351 2147 et
1373 2116 1425 2147 ed.
1450 2116 1582 2152 Veniet„

307 2169 341 2200 in
361 2169 429 2200 alla
445 2169 477 2200 in
499 2179 561 2201 ms.
586 2172 610 2202 A
630 2171 720 2211 (cum
743 2180 780 2202 ea
801 2174 901 2202 nota:
924 2171 1032 2211 potius
1051 2170 1183 2211 multa).

353 2228 429 2257 694..
450 2225 491 2259 Se
508 2227 538 2258 in
560 2228 614 2260 ed.
635 2228 724 2266 Bas„
743 2227 847 2259 sedin
868 2228 1019 2260 omnibus
1034 2238 1096 2260 ms.

352 2285 428 2314 698.
455 2282 535 2315 Tum
556 2294 611 2324 pro
632 2287 709 2316 tunc
731 2284 763 2315 in
785 2294 847 2317 ms.
865 2285 902 2323 B,
922 2285 957 2322 C,
982 2285 1018 2322 D,
1041 2286 1077 2323 Ε,
1100 2286 1132 2317 F.

351 2340 426 2370 699.
449 2339 529 2372 Arce
549 2342 594 2382 (ct
613 2341 644 2372 in
660 2341 830 2382 margine:
853 2342 935 2383 asse)
950 2351 1007 2382 pro
1025 2351 1087 2374 axe
1105 2342 1137 2374 in
1157 2352 1219 2374 ms,
1240 2344 1276 2374 Α.

351 2396 428 2428 700.
450 2396 564 2429 Lintea
581 2407 666 2429 corr.
692 2407 749 2438 pro
766 2398 876 2430 littora
892 2398 924 2429 in
946 2408 1006 2430 ms.
1026 2399 1062 2430 A.

353 2453 428 2484 704.
453 2453 581 2486 Interea
598 2464 656 2495 pro
674 2455 740 2487 111Ρο
761 2455 846 2487 iuter
868 2455 899 2486 in
918 2465 980 2487 ms.
1002 2456 1036 2486 E.
