1865 2959
843 246 1054 284 -196-

303 334 449 387 Scipio,
470 333 653 374 laudatos
672 333 820 386 populo
842 338 1046 387 spectante
1067 333 1227 374 decorat

301 407 535 448 Muneribus
552 406 688 459 largis,
712 406 958 447 abstractum
980 406 1126 446 deinde
1148 418 1329 446 scorsum

301 479 403 519 Sede
422 479 523 519 locat
541 490 674 531 regom
691 480 807 531 Juxta
825 478 977 531 procul,
999 483 1117 530 atque
1131 479 1297 518 remotis

300 550 487 591 Testibus
508 550 725 604 alloquitur
745 563 755 590 z
785 566 802 588 «
823 551 905 591 Nisi
926 562 991 590 nie
1015 555 1084 590 tua
1099 550 1276 590 maxima
1293 549 1426 602 longe,

301 623 547 674 Massinissa,
571 624 638 664 diu
659 624 788 664 virtus
809 628 986 676 spectata
1012 621 1169 672 fefellit,

301 697 389 736 Non
407 696 477 736 tibi
498 709 616 737 causa
636 702 751 737 tuum
772 696 909 746 fuerit,
931 696 1007 736 nisi
1025 707 1185 748 magna,
1199 695 1363 736 videndi

301 769 543 822 Scipiadam,
564 769 738 822 fideique
757 781 855 809 meze
874 774 943 809 tua
964 768 1123 809 credere
1140 768 1220 808 fata

302 843 352 883 Ut
368 842 524 891 malles,
541 847 696 883 veteres
718 841 772 881 sic
795 841 1208 893 aspernatusainicos.

299 914 434 955 Africa
452 926 547 955 nam
567 914 690 955 vastis
710 914 820 954 Latio
841 914 1084 966 disjungitur
1098 914 1234 962 undis,

296 989 376 1028 Nec
402 987 537 1028 iuinus
557 987 722 1027 alternis
744 987 943 1027 distamus
963 986 1158 1036 moribus,
1181 998 1272 1038 ergo

295 1061 454 1101 Grande
469 1060 619 1113 aliquid
638 1060 711 1100 tibi
732 1072 851 1100 causa
870 1060 944 1099 viae
970 1059 1046 1099 fuit
1069 1071 1227 1111 :equore
1250 1063 1374 1107 tanto,

296 1134 372 1173 Tot
389 1133 584 1174 bellorum
600 1133 705 1173 inter
727 1132 934 1173 fremitum
955 1132 1179 1184 mundique
1202 1131 1414 1171 tumultus.

295 1208 423 1256 Certe,
445 1217 515 1258 ego
537 1205 569 1245 si
590 1205 749 1258 proprio
766 1204 865 1244 mihi
888 1217 970 1245 non
992 1204 1183 1244 sordescit-
1208 1204 1250 1245 iu
1272 1217 1338 1244 ore

294 1278 443 1328 Gloria,
463 1290 546 1318 nou
570 1277 645 1318 alia
665 1282 823 1318 tautum
846 1277 996 1317 virtute
1017 1277 1237 1328 superbum

296 1353 357 1392 Mc
378 1351 517 1401 fateor,
545 1363 664 1404 quau]
687 1351 795 1404 quod
815 1350 962 1390 blande
982 1349 1082 1389 mihi
1103 1348 1216 1389 frena
1244 1353 1394 1398 tenore,

298 1427 424 1466 Frena
440 1424 657 1477 voluptatis
676 1424 829 1463 videor.
852 1424 941 1462 Non
961 1422 1087 1461 hostis
1108 1421 1149 1461 in
1174 1421 1296 1461 armis

295 1496 462 1546 Obvius,
489 1501 557 1536 aut
580 1495 755 1536 flammis
774 1506 972 1535 resonans
993 1493 1242 1533 nudantibus
1266 1495 1401 1543 AEtna,

294 1568 478 1609 Euboicae
499 1579 581 1607 non
598 1568 653 1607 sio
678 1567 805 1607 fundo
827 1566 959 1619 gravis
981 1570 1102 1606 cestus
1121 1566 1169 1606 ab
1190 1566 1270 1606 imo

295 1643 337 1681 ln
358 1640 541 1680 cumulos
562 1639 762 1692 surgentis
785 1651 898 1692 aquae
916 1639 1160 1678 metuendus
1175 1644 1217 1678 ut
1239 1638 1315 1678 ista
1337 1643 1409 1677 cst.

291 1712 425 1753 Turba
443 1712 698 1765 voluptatum
715 1724 803 1764 quie
825 1710 1067 1751 circumfusa
1088 1716 1199 1751 tenet
1217 1723 1304 1759 nos,

290 1783 491 1836 Praecipue
512 1788 649 1824 tamen
666 1784 751 1824 haec
771 1783 908 1823 nitidae
937 1788 1120 1835 suspecta
1135 1785 1316 1835 Juventoe

291 1855 433 1906 Pestis,
456 1860 495 1896 et
509 1856 614 1896 aetati
635 1855 960 1908 prseteuditrotia
980 1860 1151 1904 nostrae3

291 1928 445 1980 AEquor
466 1927 575 1967 enim
597 1927 688 1968 silet
704 1927 926 1977 interdum,
953 1926 1084 1979 gravis
1102 1927 1225 1966 AEtna
1250 1925 1432 1978 quiescit.

293 2000 427 2040 Hostis
447 2000 496 2040 ad
516 2000 742 2050 incursum,
769 1999 913 2039 validis
940 2012 1008 2039 seu
1037 1998 1239 2039 iuoenibus
1261 1998 1335 2048 uti,

292 2074 371 2114 Seu
387 2073 489 2114 vallo
509 2073 697 2126 fossaque
721 2073 829 2122 licet,
854 2072 1051 2113 damnosa
1072 2071 1271 2124 voluptas,

1513 480 1590 519 385

1509 843 1587 881 390

1508 1206 1585 1243 395

1507 1567 1583 1603 400

1505 1928 1582 1966 405

336 2257 413 2288 387.
437 2255 505 2287 Tua
529 2256 561 2287 in
583 2256 635 2287 ed.
660 2256 748 2295 Bas,
767 2255 823 2287 diu
843 2255 877 2286 in
906 2250 1060 2286 omuibus
1087 2262 1163 2290 ms.;
1193 2257 1322 2295 sperata
1345 2252 1460 2295 (corr.)
1481 2262 1578 2293 supra

287 2317 434 2356 spectata
451 2314 486 2344 in
508 2323 570 2345 ms.
592 2315 629 2344 Α.

334 2371 407 2401 389.
435 2369 481 2402 Τιι
499 2370 530 2401 iu
552 2371 605 2401 ed.
629 2371 718 2407 Basa,
742 2373 800 2402 tua
818 2370 849 2401 iu
873 2369 1025 2401 omnibus
1048 2377 1111 2399 ius.

334 2429 412 2458 392.
433 2427 601 2459 Discamus
622 2427 653 2458 iu
676 2428 730 2458 cd.
750 2427 838 2465 Bas,
862 2427 1022 2458 distamus
1043 2425 1075 2456 in
1099 2434 1158 2456 tiis.
1181 2426 1221 2463 A,
1243 2425 1279 2463 B,
1301 2425 1335 2462 C,
1358 2426 1393 2456 D.

333 2484 409 2515 406.
432 2483 471 2514 Hi
500 2483 646 2524 quinque
667 2486 699 2515 et
719 2483 929 2525 septuaginta
955 2492 1068 2515 versus
1090 2483 1253 2520 too-481,
1272 2482 1348 2513 licet
1368 2482 1400 2512 in
1422 2481 1576 2513 omnibus

289 2550 364 2578 ms..
387 2541 506 2574 desunt
522 2541 553 2572 iu
576 2542 628 2573 ed.
651 2542 764 2573 Venet.
791 2544 821 2573 et
843 2542 914 2572 Bas.
