1865 2959
859 225 1043 259 ,44-

310 313 369 355 ita
396 309 622 354 translatis
646 308 942 354 similitudine
970 309 1134 353 verbis.
1161 308 1443 352 Solaecismos
1464 307 1592 351 deni-

309 404 397 449 que
429 388 549 433 haud
583 388 769 431 omnino
788 387 967 439 vitai-im
997 387 1114 431 inter
1140 400 1240 444 quai
1264 390 1413 430 tamen
1439 386 1593 444 plerae-

309 483 395 527 que
417 472 521 512 sunt
548 466 737 511 macula}
763 467 816 510 iis
837 466 913 525 qui
939 466 1095 524 primis
1122 478 1301 509 carmen
1324 465 1442 523 typis
1464 477 1594 507 man-

310 547 474 591 darunt
501 545 779 590 addicendae.
806 544 933 596 Quod
960 544 1017 588 ad
1044 543 1266 602 prosodia}
1287 543 1394 587 vitia
1415 543 1590 592 attinet,

309 628 415 669 sunt
442 623 662 667 dimidiati
696 636 854 667 versus
888 636 1017 679 quos,
1048 621 1219 679 Virgilii
1241 621 1396 672 instar,
1434 621 1594 679 imper-

307 703 448 747 fectos
476 701 679 759 reliquit;
717 705 823 744 suut
859 705 903 745 et
938 699 1145 757 quadam
1180 699 1298 743 male
1324 703 1594 743 mensurata}

308 780 516 839 syllabae,
547 793 658 837 quas
695 778 750 822 ad
787 778 1039 836 marginem
1075 777 1312 835 plerasque
1347 777 1590 829 notavisse‚

308 871 455 916 neque
492 862 642 901 tamen
673 856 921 901 correxisse
955 855 1132 899 dieitur.
1168 856 1225 898 At
1250 868 1343 898 11011
1373 854 1434 907 id,
1467 859 1591 913 puto,

309 935 473 994 saepius
492 948 572 979 sua
590 935 720 993 culpa
731 950 740 986 ;
766 948 868 992 quae
892 933 1052 977 merito
1071 932 1116 975 in
1136 931 1304 976 scribas
1325 933 1596 990 posteriores

309 1014 619 1058 transferetur.

369 1094 431 1136 Ex
470 1092 522 1135 iis
554 1095 738 1150 apparet
774 1090 899 1133 nulla
936 1090 981 1133 in
1018 1090 1105 1134 isto
1140 1092 1348 1148 poemate
1381 1088 1467 1132 nisi
1500 1088 1596 1133 loca

309 1170 518 1229 quiedam
540 1183 638 1214 esse
662 1168 893 1227 probanda
915 1186 923 1211 :
946 1186 967 1208 «
991 1167 1077 1212 Sed
1099 1170 1251 1212 tamen
1269 1171 1337 1212 est
1362 1167 1446 1211 tale
1468 1171 1518 1210 ut
1540 1166 1596 1210 de

308 1262 359 1293 eo
387 1248 565 1307 gloriari
596 1248 779 1307 juvenis
816 1246 999 1299 debeat,
1036 1250 1079 1289 et
1113 1245 1284 1304 pudere
1315 1258 1472 1289 senem
1503 1259 1595 1289 non

308 1327 450 1385 possit
481 1326 545 1374 (¹).
579 1345 599 1366 n
627 1327 866 1369 Auctorem
898 1325 1020 1369 enim
1054 1324 1443 1368 adolescentulum
1475 1323 1596 1367 dieas

309 1404 591 1449 scholaribus
622 1404 851 1447 imbutum
880 1403 1057 1456 studiis,
1090 1403 1165 1460 qui
1191 1402 1483 1461 scriptoribus
1512 1402 1594 1445 31111

309 1483 428 1527 notis
451 1487 495 1527 et
526 1473 700 1526 dilectis
732 1481 933 1525 {emulari
968 1481 1148 1539 flagret,
1180 1481 1449 1538 inceptoque
1474 1479 1595 1538 operi

309 1561 458 1606 adhuc
476 1561 634 1620 impar,
657 1574 708 1605 ea
729 1560 880 1604 omnia
897 1574 998 1618 qua}
1018 1559 1177 1618 legerit
1198 1559 1243 1602 in
1261 1558 1423 1603 rudem
1442 1572 1595 1616 quam-

310 1641 415 1684 dam
445 1644 489 1684 et
518 1639 792 1699 indigestam
819 1639 988 1683 molem
1023 1641 1251 1696 congerat.
1283 1638 1341 1681 Ea
1369 1637 1424 1680 de
1447 1651 1495 1681 se
1527 1636 1594 1680 di-

310 1733 408 1764 cere
430 1719 625 1777 potuerit
648 1718 901 1770 Petrarcha,
926 1731 1042 1776 quae,
1071 1717 1215 1761 Ennio
1237 1715 1591 1768 accommodata,

309 1798 405 1856 ipsa
427 1798 472 1841 in
493 1800 645 1852 Africa
668 1796 818 1841 emisit
845 1813 852 1839 :

785 1919 858 1929 .....
878 1893 1009 1928 Nostra
1030 1892 1165 1939 peritia
1183 1890 1287 1927 fandi

427 1954 603 1990 Nondum
624 1953 855 2001 propositam
875 1953 993 1988 valuit
1012 1952 1229 1999 contingere
1247 1952 1387 1987 metam

428 2016 555 2062 Nuper
573 2015 618 2051 ab
638 2014 785 2061 exiguis
805 2013 994 2050 radicibus
1012 2015 1168 2049 orta,....

371 2118 483 2161 Tum
505 2117 655 2175 igitur,
682 2116 761 2160 11111
782 2116 932 2161 desint
952 2115 1078 2160 dives
1100 2114 1351 2174 ingenium,
1374 2116 1594 2157 maturata

312 2194 593 2254 compositio,
625 2194 757 2238 etiam
786 2194 832 2237 in
865 2193 1056 2239 dicendo
1085 2192 1297 2244 suavitas,
1323 2190 1425 2249 jure
1452 2189 1595 2236 deerit

311 2277 599 2332 posterorum
627 2272 860 2317 memoria.

355 2423 402 2464 (1)
422 2423 620 2460 Vssnessmus.
647 2422 717 2455 Vita
738 2422 936 2454 Petrarclioe.
