1865 2959
861 236 1070 273 —132-

317 322 363 362 Ni
384 326 557 374 coeptum
576 326 789 374 peragatur
809 334 923 375 opus.
953 322 1154 362 Timuisse
1175 322 1362 363 videmur

318 393 496 433 Horrifici
519 393 630 433 ducis
651 398 858 446 aspectum
875 399 911 434 et
936 394 1157 447 longinqua
1175 395 1320 446 petisse

316 465 468 513 Praelia,
494 477 575 505 nou
595 466 679 506 ausi
702 466 827 518 patria
842 478 1078 506 concurrere
1101 472 1205 506 terra

315 538 538 590 Moeniaque
557 538 728 578 obsessae
748 538 960 577 defendere
989 538 1116 578 dulcia
1133 541 1281 579 Romae.

315 610 565 650 Exsiliumne
592 610 781 663 fugamne
802 610 938 650 hostes
960 611 1145 663 civesque
1163 611 1392 652 vocabunt?

315 683 455 723 Nescio
471 683 567 736 quid
587 683 658 722 tibi
680 695 788 723 nunc
809 683 948 732 animi,
971 695 1079 723 nunc
1098 683 1251 723 roboris
1271 683 1381 724 insit.

316 755 395 795 Sed
414 755 614 795 mediocre
638 754 785 807 aliquid
806 767 961 807 nequeo
991 767 1149 807 sperare
1173 769 1181 794 ε
1206 755 1254 794 sit
1276 768 1367 807 ergo

316 827 514 879 Incepisse
537 827 623 867 aliis
641 827 794 867 clarum
819 833 857 867 et
880 827 1142 868 memorabile
1165 828 1333 877 factum3

314 902 365 939 At
386 898 485 938 mihi
506 899 560 938 nil
582 900 677 939 satis
697 904 770 948 est,
789 899 939 952 aliquid
961 899 1058 940 dum
1083 906 1220 940 restat.
1242 901 1425 953 Iniqualn

313 971 579 1012 Hannibalern
601 977 878 1012 removentem
899 972 1075 1012 animam
1097 973 1207 1025 prius
1228 973 1313 1025 ipse
1335 972 1477 1013 videbo

311 1047 386 1084 Tot
406 1050 564 1084 nostros
583 1045 760 1096 placasse
779 1045 915 1094 duces,
941 1045 1136 1097 Carthago
1161 1046 1359 1098 profundo

311 1117 467 1157 Perfida
487 1117 683 1167 subsidet,
705 1129 824 1170 quam
847 1117 1016 1169 pectoris
1037 1117 1095 1157 ira
1114 1118 1290 1169 quiescat

311 1189 402 1229 Alta
422 1189 519 1239 mei,
541 1189 769 1242 moriarque
791 1189 936 1238 libens,
967 1189 1063 1228 dum
1087 1189 1214 1229 tristia
1235 1190 1391 1241 possint

312 1263 435 1301 Morte
453 1274 542 1302 mea
561 1262 706 1314 zequari
727 1264 943 1302 Poenorum
963 1262 1130 1301 vulnera
1149 1262 1311 1301 nostris.

310 1334 516 1386 Numquid
533 1336 642 1386 Justa
664 1336 768 1374 Deus
788 1346 858 1386 pro
887 1333 1003 1373 uobis
1029 1333 1107 1374 tela
1127 1334 1307 1373 movebit

308 1409 530 1447 Tantorum
550 1407 696 1447 vindex
717 1407 940 1447 scelerum?
969 1408 1073 1446 Num
1099 1406 1268 1446 fulmina
1293 1405 1389 1446 coelo

310 1480 563 1519 Descendent
577 1481 595 1519 ἱ)
616 1481 719 1519 Num
743 1480 910 1531 perjurae
932 1479 1198 1518 densissimus
1219 1479 1332 1518 Atlas

308 1551 479 1591 Telluris
499 1551 675 1604 clypeus,
700 1551 841 1590 mundi
857 1551 982 1590 tutela
1000 1549 1180 1600 nefandi,

310 1624 431 1663 Cedet
453 1630 595 1676 sponte
619 1623 706 1663 loco
727 1623 857 1663 radice
877 1623 1062 1663 revulsus
1087 1622 1134 1662 ab
1160 1623 1254 1672 ima,

309 1698 630 1749 Serpentumque
647 1696 748 1736 acies
774 1701 1012 1747 montesque
1036 1695 1229 1735 immittet
1249 1706 1377 1734 arenae

307 1769 511 1817 Ardentis,
533 1768 731 1821 facietque
750 1768 855 1808 viam
881 1767 1126 1820 spirantibus
1153 1767 1296 1807 austris
1312 1768 1331 1807 ἱ)

304 1842 410 1880 Num
431 1840 542 1893 piger
558 1839 730 1880 infames
753 1845 933 1880 contorto
956 1840 1101 1879 vertice
1126 1851 1264 1879 muros

305 1913 482 1964 Bagrada
503 1912 687 1953 discutiet
708 1912 836 1964 gelido
856 1911 1068 1952 violentior
1088 1913 1204 1961 Istro,

308 1985 583 2037 Scelestasque
604 1986 759 2024 animas
784 1984 991 2024 ultricibus
1013 1984 1152 2024 obruet
1177 1983 1296 2023 undis
1311 1984 1330 2022 ¹?

308 2057 511 2105 Vicimus3
533 2056 716 2096 imbelles
736 2062 896 2096 teneant
920 2057 1007 2096 lieet
1030 2067 1140 2095 arma
1160 2055 1309 2101 lacerti,

309 2129 416 2169 Bella
433 2132 536 2169 Deus
557 2135 715 2181 peraget
736 2129 909 2181 perjuria
930 2128 1063 2168 crebra
1092 2140 1271 2180 perosus.

306 2203 397 2242 Jain
415 2207 550 2242 tamen
566 2202 659 2242 hinc
685 2201 864 2242 humeris
886 2213 988 2241 onus
1012 2200 1086 2240 hoc
1108 2199 1341 2239 incumbere
1368 2198 1514 2238 nostris

351 2361 404 2391 35.
429 2358 514 2400 Quid
535 2359 566 2390 in
589 2361 640 2390 ed.
664 2360 753 2396 Bis„
775 2358 913 2390 nuncin
937 2368 997 2390 ms.
1022 2360 1059 2389 Α.

351 2417 405 2448 37.
427 2416 545 2449 Fatum
566 2416 596 2447 in
618 2418 670 2448 cd.
694 2417 780 2450 Bas..
802 2417 925 2456 facium
949 2416 980 2447 in
1002 2415 1159 2447 omnibus
1178 2424 1226 2446 ms

1557 326 1607 365 30

1554 687 1604 724 35

1551 1048 1602 1085 40

1546 2128 1595 2165 55

350 2476 402 2506 sstt.
430 2474 476 2506 Τιι
497 2475 526 2506 iu
549 2476 601 2505 ed.
623 2475 709 2513 Bas,
728 2477 774 2506 tol
794 2474 824 2505 in
845 2474 996 2505 omuibus
1019 2483 1105 2511 ms.·,
1127 2473 1258 2514 placare
1283 2473 1314 2503 in
1339 2473 1390 2504 ed.
1410 2472 1499 2508 Bas..
1518 2471 1592 2512 pla-

304 2541 390 2564 casse
407 2532 438 2563 iu
462 2543 521 2562 ms.
541 2534 576 2562 A.
