1865 2959
861 294 1046 331 „20—

314 393 414 438 quae
444 383 596 424 autem
621 378 829 424 dedecori
862 379 1104 424 omitteret.
1137 379 1328 424 Gellium
1361 379 1482 424 enim
1514 393 1595 423 no-

311 461 436 502 verat
469 457 686 516 Scipionis
707 457 1049 510 continentiam,
1086 457 1344 502 auctoribus
1376 458 1529 502 Naevio
1553 461 1597 502 et

315 535 504 587 Valerio,
538 535 775 594 negavisse
794 551 804 588 ;
836 540 934 579 tum
978 535 1141 580 melius
1177 550 1265 593 quo
1287 535 1460 579 facilius
1496 548 1596 580 eam

311 613 571 667 extolleret,
606 614 730 658 Livio
763 612 966 658 credidit.
1002 613 1112 657 Livii
1145 617 1297 656 autem
1332 613 1596 657 meminisse

310 691 456 736 noluit
487 691 710 736 narrantis
741 692 994 750 Scipionem
1029 691 1246 735 Pleminio
1279 690 1426 749 legato
1459 691 1593 734 sacri-

309 770 422 828 legae
449 770 551 815 licet
579 783 678 815 esse
696 770 1055 829 patrocinatum;
1077 769 1239 813 Valerii
1260 769 1439 812 Maximi
1459 770 1592 812 etiam

310 848 477 892 oblitus
501 848 706 907 ejusdem
734 848 994 892 simulatam
1021 847 1286 905 religionem
1315 847 1589 893 incusantis:

309 937 456 982 neque
483 928 638 968 contra
667 924 895 968 commisit
921 928 970 967 ut
990 922 1251 966 Africanum
1276 926 1407 966 nocte
1435 923 1479 965 in
1513 924 1591 965 Ca-

308 1002 463 1060 pitolio
499 1016 599 1045 cum
622 1001 824 1060 patribus
856 1002 948 1045 Diis
983 1000 1039 1045 de
1076 1000 1303 1059 republica
1329 1001 1591 1044 consultan-

306 1084 427 1133 tem,
453 1084 530 1124 aut
558 1079 768 1124 victorias
805 1079 1025 1123 militibus
1060 1078 1380 1137 praedicentem
1407 1082 1590 1137 prseter-

306 1158 520 1203 mitteret.
986 1150 990 1151 ⁷

365 1238 585 1281 Caeterum
604 1235 879 1280 fidissimum
900 1235 985 1280 sibi
1001 1235 1163 1279 ducem
1185 1235 1360 1280 Livium
1376 1235 1586 1294 elegerat,

306 1318 349 1359 et
382 1315 478 1373 ejus
511 1314 708 1359 Historia
741 1315 940 1358 Romana
974 1313 1067 1358 fere
1094 1318 1312 1372 perpetuo
1354 1328 1464 1357 usus
1502 1317 1585 1357 est.

305 1393 387 1437 Diu
407 1392 716 1451 nequidquam
740 1392 877 1451 hujus
900 1392 1048 1451 operis
1075 1396 1224 1450 partes
1248 1391 1438 1435 omissas
1466 1404 1590 1449 repe-

304 1471 391 1515 rire
427 1471 554 1515 nisus
599 1475 722 1523 erat;
759 1470 1024 1528 scriptorem
1053 1470 1219 1528 ipsum,
1260 1483 1397 1527 quem
1427 1473 1587 1513 notum

305 1548 388 1593 sibi
412 1548 631 1593 habuerat
656 1561 680 1592 a
707 1548 906 1607 quodam
918 1548 1179 1606 jurisperito
1197 1547 1519 1597 Aveiiioiieiisi,
1539 1552 1588 1590 ut

303 1631 508 1672 veterum
534 1632 793 1686 temporum
822 1630 1003 1679 testem,
1029 1626 1174 1684 magis
1199 1639 1249 1669 ac
1271 1625 1415 1684 magis
1434 1638 1586 1684 perse—

303 1705 539 1764 quebatur;
555 1720 692 1764 quem
704 1705 807 1749 ficta
818 1704 1015 1764 quadam
1030 1705 1384 1763 interrogatione
1394 1704 1586 1762 compel-

302 1783 437 1828 labat.
456 1802 477 1825 «
493 1784 543 1828 In
556 1783 628 1828 his
643 1787 737 1827 tam
754 1784 906 1842 parvis
926 1783 1016 1827 tuis
1035 1783 1237 1841 reliquiis
1257 1796 1467 1827 exerceor
1478 1797 1587 1841 quo-

304 1880 326 1902 »
357 1862 440 1907 ties
470 1861 568 1906 haec
600 1861 723 1914 loca,
746 1861 844 1906 haec
865 1865 1068 1920 tempora
1092 1861 1165 1905 rel
1195 1861 1280 1905 lios
1299 1874 1449 1906 mores
1471 1860 1584 1905 obli-

304 1958 325 1982 »
354 1940 465 1985 visci
484 1940 662 1985 velow.
682 1939 882 1985 Oblitum
907 1954 1027 1998 saepe
1050 1940 1344 1998 praesentium
1361 1939 1584 1983 malorum

304 2037 324 2059 »
354 2018 530 2063 saeculis
551 2031 624 2063 me
643 2018 919 2063 felicioribus
936 2018 1113 2071 inseris,
1137 2022 1187 2062 ut
1204 2018 1321 2062 inter
1339 2017 1584 2076 legendum

304 2116 325 2138 »
355 2097 516 2142 saltem
538 2111 641 2141 eum
661 2097 891 2150 Corneliis,
918 2096 1200 2155 Scipionibus
1220 2095 1513 2140 Africanis...
1541 2099 1585 2139 et

304 2194 325 2215 »
355 2189 447 2219 non
480 2189 584 2219 cum
623 2174 694 2219 his
730 2175 944 2220 extremis
976 2174 1179 2228 furibus,
1210 2174 1327 2218 inter
1356 2187 1470 2231 quos
1502 2172 1583 2216 ad-

303 2271 325 2294 »
355 2267 485 2298 verso
527 2252 673 2298 sidere
710 2256 845 2298 natus
884 2267 1017 2305 sum,
1058 2252 1169 2296 mihi
1212 2251 1364 2297 ’videar
1404 2255 1582 2296 {etatem

304 2349 324 2371 »
354 2331 626 2390 agGPO(1)....
657 2348 678 2371 ))

359 2408 616 2455 Secundum
638 2408 843 2454 ordinem
872 2422 897 2453 a
920 2409 1042 2453 Livio
1075 2413 1308 2467 acceptum
1336 2421 1407 2452 res
1429 2408 1580 2467 dispo-

345 2586 390 2625 (l)
411 2583 505 2617 Fam.
527 2592 616 2621 xxiv,
637 2587 667 2615 8.
