1865 2959
831 194 1042 230 —190—

294 278 442 329 AEquat
467 288 593 317 amor.
617 279 802 330 Propera,
824 289 898 318 nec
919 278 1027 318 enim
1049 277 1120 318 tibi
1144 277 1246 318 forte
1267 277 1497 318 timendum
1525 283 1586 318 est

294 349 351 388 Ne
371 353 439 388 tua
460 348 703 389 condemnet
719 349 918 402 Juvenilia
943 348 1050 389 furta
1071 349 1272 401 benignus

295 419 449 471 Scipio;
471 420 569 472 quin
586 422 780 472 Juvenein
797 421 959 473 juvenis
985 421 1243 461 miserebitur
1263 421 1383 470 ultro,

296 491 450 531 Viderit
474 497 511 532 et
531 491 744 545 lacrymas,
768 493 928 533 veniam
949 492 1154 545 praestabit
1171 493 1312 533 amori.

298 563 539 615 Conjugium
560 562 730 605 fortasse
752 576 926 615 sacrum,
949 577 1030 605 non
1052 563 1157 604 furta
1173 564 1344 615 vocabit,
1509 565 1588 604 240

300 635 574 688 Reginamque
599 636 674 676 tori
695 638 844 676 sociam
864 636 1125 677 venerabitur
1144 636 1256 676 olim.
1277 651 1295 673 ³>

355 707 486 747 Mitior
505 708 571 748 ille
594 708 744 748 ducum
764 708 884 748 simul
905 708 990 749 haec
1011 707 1170 758 effatus,
1190 707 1340 748 amicos

301 782 501 822 Convocat
529 787 648 835 atque
675 782 832 822 animos
851 783 990 835 aperit.
1013 782 1135 823 ,lubet
1153 782 1290 823 onmia
1309 781 1454 834 raptim

301 855 527 907 Expediant
545 855 702 895 modico
725 855 908 896 convivia
929 854 1033 895 culta
1059 859 1214 907 paratu.

301 927 415 968 Atria
434 940 516 969 non
536 928 720 979 reboant,
743 939 827 969 non
847 929 1003 968 Tuscus
1024 928 1073 968 ad
1100 927 1249 968 aethera
1269 927 1445 980 clangor,
1513 928 1592 966 245

301 1003 390 1042 Non
409 1001 604 1042 comitum
621 999 824 1050 fremitus,
851 1012 935 1040 non
957 1005 1063 1041 arcta
1084 1000 1232 1053 palatia
1252 1001 1412 1049 turmis,

302 1076 391 1115 Non
412 1073 560 1114 crebrae
579 1072 756 1114 micuere
776 1072 905 1123 faces3
930 1073 995 1114 fax
1017 1074 1118 1114 ussit
1138 1079 1319 1115 amantes

303 1152 391 1192 Una
410 1150 526 1200 duos,
548 1149 740 1202 lacrymis
759 1160 855 1189 mox
876 1148 1170 1201 exstinguenda
1191 1149 1380 1189 duorum.

304 1222 475 1264 Pulcher
493 1221 680 1262 Atlanteo
701 1233 921 1275 properans
946 1221 1019 1262 sub
1040 1222 1193 1274 gurgite
1212 1222 1336 1274 mergi

304 1297 507 1348 Hesperus
527 1300 707 1348 optatam
728 1299 890 1335 noctem
911 1293 1125 1344 referebat,
1147 1293 1309 1346 iniquos
1516 1295 1595 1334 250

304 1371 502 1411 Assuetus
528 1367 704 1421 perferre
725 1367 826 1418 dies,
849 1372 888 1408 et
907 1366 1138 1407 amantibus
1159 1366 1287 1408 hostis

306 1439 612 1482 Invidaluciferi
632 1440 729 1480 dum
750 1440 918 1480 nomina
938 1439 1104 1492 suscipit
1132 1439 1221 1479 atri.

305 1514 508 1556 Mentibus
527 1514 606 1555 heu
629 1518 828 1567 quantum
848 1513 1002 1553 nostris
1020 1511 1188 1565 caligine
1206 1523 1307 1552 caeca

306 1589 442 1630 Illudit
461 1593 632 1629 ventura
653 1587 759 1627 dies!
788 1587 976 1626 Fortasse
1003 1585 1146 1626 beatus

306 1664 515 1716 Conjugio,
545 1661 806 1714 sobolemque
827 1660 902 1700 sibi
922 1659 1164 1713 turbamque
1185 1664 1381 1713 nepotum
1516 1662 1540 1700 02
1560 1663 1565 1671 '

308 1740 392 1779 Rex
412 1738 546 1777 animo
566 1735 800 1788 complexus
818 1738 916 1785 erat,
939 1733 1110 1786 genialia
1127 1732 1242 1773 laetus

308 1813 509 1864 Tempora
527 1809 657 1850 noctis
678 1819 816 1861 agens.
839 1806 898 1847 llli
923 1818 1007 1846 non
1027 1805 1178 1846 blanda
1194 1806 1329 1846 mariti

311 1882 455 1924 Oscula
472 1881 583 1922 mille
602 1880 713 1930 novi,
736 1891 820 1919 non
842 1877 955 1930 regni
977 1879 1069 1929 jura
1089 1877 1237 1918 vetusti

1546 1664 1568 1700 ων

1572 1663 1595 1700 Εἱῑ

360 2091 437 2122 237.
460 2089 537 2122 Fori
557 2089 589 2120 in
611 2089 662 2120 ed.
683 2088 758 2119 Bas.
784 2087 874 2117 deest
900 2086 932 2116 in
960 2083 1114 2116 omnibus
1142 2092 1204 2114 ms.
1227 2081 1393 2123 Beniqnus
1416 2083 1544 2114 tantum
1565 2081 1597 2113 in

316 2157 377 2180 ms.
393 2149 431 2179 A.

360 2205 437 2236 238.
461 2202 523 2244 Qui
538 2212 595 2244 pro
611 2202 690 2243 quin
711 2202 743 2232 in
762 2210 823 2232 ms.
842 2201 877 2231 E.
896 2197 1106 2232 miserabitur
1124 2206 1182 2238 pro
1197 2195 1403 2228 miserebitur
1426 2195 1457 2226 in
1475 2205 1537 2228 ms.
1561 2196 1593 2227 B.

359 2263 436 2293 242.
456 2260 629 2294 Dudum...
653 2259 712 2290 hoc
732 2258 764 2289 in
786 2259 837 2289 ed.
859 2257 949 2295 Bas„
969 2256 1133 2287 ducum...
1155 2254 1222 2285 haec
1239 2253 1272 2284 in
1293 2252 1445 2285 omnibus
1466 2261 1527 2284 ms.

359 2320 436 2350 246.
458 2317 534 2350 Alta
554 2317 586 2348 in
603 2317 653 2348 ed.
678 2316 766 2353 Bas„
782 2316 874 2346 arcta
895 2313 927 2344 in
945 2322 1010 2344 ms.
1027 2312 1065 2350 Α,
1086 2311 1123 2350 Β,
1139 2310 1174 2349 C,
1192 2311 1229 2349 D,
1251 2310 1288 2348 F,
1301 2309 1400 2351 plena
1418 2308 1451 2340 in
1473 2317 1535 2340 ms.
1560 2308 1595 2339 E.

361 2377 438 2407 247.
459 2374 575 2408 ,Iunxit
592 2372 706 2414 (corr.)
724 2381 780 2412 pro
801 2370 881 2402 ussit
902 2369 934 2401 in
958 2379 1018 2401 ms.
1032 2370 1069 2400 A.

360 2434 438 2465 252.
458 2431 584 2464 Invidia
605 2430 636 2461 in
658 2430 711 2461 ed.
733 2429 823 2466 Bas„
842 2426 953 2459 invida
971 2426 1004 2458 in
1025 2435 1086 2457 ms.
1108 2426 1146 2464 Α,
1167 2425 1204 2464 Β,
1224 2424 1261 2463 C,
1284 2425 1321 2462 D.
1341 2424 1375 2455 F.

362 2492 440 2522 254.
462 2488 547 2522 Illud
566 2489 601 2520 in
621 2488 674 2519 ed.
696 2487 788 2524 Bas,
808 2485 920 2517 illudit
938 2484 970 2515 in
991 2493 1051 2515 ms.
1074 2484 1112 2521 Α,
1133 2483 1170 2522 Β,
1188 2483 1224 2521 C,
1246 2483 1283 2520 D,
1307 2483 1340 2512 F.
