<?xml version="1.0" encoding="UTF-8"?>
<!DOCTYPE html PUBLIC "-//W3C//DTD XHTML 1.0 Transitional//EN"
    "http://www.w3.org/TR/xhtml1/DTD/xhtml1-transitional.dtd">
<html xmlns="http://www.w3.org/1999/xhtml" xml:lang="en" lang="en">
 <head>
  <title>
</title>
<meta http-equiv="Content-Type" content="text/html;charset=utf-8" />
  <meta name='ocr-system' content='tesseract 3.04.00' />
  <meta name='ocr-capabilities' content='ocr_page ocr_carea ocr_par ocr_line ocrx_word'/>
</head>
<body>
  <div class='ocr_page' id='page_1' title='image "africa1872petr_0313.png"; bbox 0 0 1865 2959; ppageno 0'>
   <div class='ocr_carea' id='block_1_1' title="bbox 757 242 967 282">
    <p class='ocr_par' dir='ltr' id='par_1_1' title="bbox 757 242 967 282">
     <span class='ocr_line' id='line_1_1' title="bbox 757 242 967 282; baseline 0 0"><span class='ocrx_word' id='word_1_1' title='bbox 757 242 967 282; x_wconf 83' lang='lat'>-301—</span> 
     </span>
    </p>
   </div>
   <div class='ocr_carea' id='block_1_2' title="bbox 215 327 1499 1959">
    <p class='ocr_par' dir='ltr' id='par_1_2' title="bbox 223 327 1499 812">
     <span class='ocr_line' id='line_1_2' title="bbox 225 327 1439 382; baseline 0 -13"><span class='ocrx_word' id='word_1_2' title='bbox 225 327 386 379; x_wconf 80' lang='lat' dir='ltr'>Militiae,</span> <span class='ocrx_word' id='word_1_3' title='bbox 408 332 605 369; x_wconf 78' lang='lat' dir='ltr'>terramve</span> <span class='ocrx_word' id='word_1_4' title='bbox 629 328 719 369; x_wconf 90' lang='lat' dir='ltr'>duci</span> <span class='ocrx_word' id='word_1_5' title='bbox 745 328 981 382; x_wconf 78' lang='lat' dir='ltr'>clypeumve</span> <span class='ocrx_word' id='word_1_6' title='bbox 1002 327 1149 378; x_wconf 83' lang='lat' dir='ltr'>cubile,</span> <span class='ocrx_word' id='word_1_7' title='bbox 1421 331 1439 369; x_wconf 83' lang='lat'><strong>1</strong></span> 
     </span>
     <span class='ocr_line' id='line_1_3' title="bbox 223 398 1334 453; baseline -0.001 -13"><span class='ocrx_word' id='word_1_8' title='bbox 223 400 496 453; x_wconf 82' lang='lat' dir='ltr'>Neglectaeque</span> <span class='ocrx_word' id='word_1_9' title='bbox 523 400 643 441; x_wconf 92' lang='lat' dir='ltr'>decus</span> <span class='ocrx_word' id='word_1_10' title='bbox 663 400 787 441; x_wconf 83' lang='lat' dir='ltr'>vestis</span> <span class='ocrx_word' id='word_1_11' title='bbox 809 399 1070 452; x_wconf 75' lang='lat' dir='ltr'>studiumque</span> <span class='ocrx_word' id='word_1_12' title='bbox 1088 398 1334 440; x_wconf 86' lang='lat' dir='ltr'>frementum</span> 
     </span>
     <span class='ocr_line' id='line_1_4' title="bbox 224 470 1395 525; baseline 0 -13"><span class='ocrx_word' id='word_1_13' title='bbox 224 472 493 525; x_wconf 79' lang='lat' dir='ltr'>cornipedum</span> <span class='ocrx_word' id='word_1_14' title='bbox 525 483 749 513; x_wconf 90' lang='lat' dir='ltr'>memorare</span> <span class='ocrx_word' id='word_1_15' title='bbox 768 471 889 512; x_wconf 88' lang='lat' dir='ltr'>velim</span> <span class='ocrx_word' id='word_1_16' title='bbox 907 471 927 511; x_wconf 73' lang='grc' dir='ltr'>Ῥ</span> <span class='ocrx_word' id='word_1_17' title='bbox 947 470 1142 512; x_wconf 77' lang='lat' dir='ltr'>Patientia</span> <span class='ocrx_word' id='word_1_18' title='bbox 1162 477 1312 524; x_wconf 88' lang='lat' dir='ltr'>quanta</span> <span class='ocrx_word' id='word_1_19' title='bbox 1335 476 1395 512; x_wconf 88' lang='lat' dir='ltr'>est</span> 
     </span>
     <span class='ocr_line' id='line_1_5' title="bbox 229 542 1334 596; baseline 0.002 -14"><span class='ocrx_word' id='word_1_20' title='bbox 229 543 401 595; x_wconf 82' lang='lat' dir='ltr'>Frigoris</span> <span class='ocrx_word' id='word_1_21' title='bbox 423 548 540 596; x_wconf 90' lang='lat' dir='ltr'>atque</span> <span class='ocrx_word' id='word_1_22' title='bbox 556 548 676 584; x_wconf 80' lang='lat' dir='ltr'>aestus</span> <span class='ocrx_word' id='word_1_23' title='bbox 695 554 916 595; x_wconf 86' lang='lat' dir='ltr'>cursusque</span> <span class='ocrx_word' id='word_1_24' title='bbox 937 542 1103 595; x_wconf 84' lang='lat' dir='ltr'>sitisque</span> <span class='ocrx_word' id='word_1_25' title='bbox 1120 542 1334 596; x_wconf 84' lang='lat' dir='ltr'>famisque,</span> 
     </span>
     <span class='ocr_line' id='line_1_6' title="bbox 223 614 1336 667; baseline 0 -13"><span class='ocrx_word' id='word_1_26' title='bbox 223 618 378 663; x_wconf 78' lang='lat' dir='ltr'>Quanta</span> <span class='ocrx_word' id='word_1_27' title='bbox 397 614 544 655; x_wconf 90' lang='lat' dir='ltr'>ducum</span> <span class='ocrx_word' id='word_1_28' title='bbox 564 614 694 666; x_wconf 83' lang='lat' dir='ltr'>miles,</span> <span class='ocrx_word' id='word_1_29' title='bbox 715 619 864 667; x_wconf 85' lang='lat' dir='ltr'>quanta</span> <span class='ocrx_word' id='word_1_30' title='bbox 882 619 943 655; x_wconf 87' lang='lat' dir='ltr'>est</span> <span class='ocrx_word' id='word_1_31' title='bbox 969 615 1050 654; x_wconf 81' lang='lat' dir='ltr'>dux</span> <span class='ocrx_word' id='word_1_32' title='bbox 1071 614 1210 655; x_wconf 90' lang='lat' dir='ltr'>militis</span> <span class='ocrx_word' id='word_1_33' title='bbox 1227 615 1336 655; x_wconf 91' lang='lat' dir='ltr'>idem</span> 
     </span>
     <span class='ocr_line' id='line_1_7' title="bbox 224 685 1499 739; baseline 0.002 -14"><span class='ocrx_word' id='word_1_34' title='bbox 224 688 322 738; x_wconf 87' lang='lat' dir='ltr'>Spes</span> <span class='ocrx_word' id='word_1_35' title='bbox 345 685 505 737; x_wconf 79' lang='lat' dir='ltr'>animis,</span> <span class='ocrx_word' id='word_1_36' title='bbox 531 686 639 739; x_wconf 90' lang='lat' dir='ltr'>quod</span> <span class='ocrx_word' id='word_1_37' title='bbox 664 686 820 739; x_wconf 89' lang='lat' dir='ltr'>primus</span> <span class='ocrx_word' id='word_1_38' title='bbox 840 690 903 727; x_wconf 86' lang='lat' dir='ltr'>eat</span> <span class='ocrx_word' id='word_1_39' title='bbox 920 685 1100 726; x_wconf 89' lang='lat' dir='ltr'>ruiturus</span> <span class='ocrx_word' id='word_1_40' title='bbox 1123 685 1166 726; x_wconf 91' lang='lat' dir='ltr'>in</span> <span class='ocrx_word' id='word_1_41' title='bbox 1187 685 1362 737; x_wconf 80' lang='lat' dir='ltr'>hostem,</span> <span class='ocrx_word' id='word_1_42' title='bbox 1422 689 1499 728; x_wconf 88' lang='grc'><strong>130</strong></span> 
     </span>
     <span class='ocr_line' id='line_1_8' title="bbox 223 757 1221 812; baseline 0.001 -15"><span class='ocrx_word' id='word_1_43' title='bbox 223 757 396 798; x_wconf 87' lang='lat' dir='ltr'>Ultimus</span> <span class='ocrx_word' id='word_1_44' title='bbox 421 758 584 799; x_wconf 78' lang='lat' dir='ltr'>excedat</span> <span class='ocrx_word' id='word_1_45' title='bbox 605 759 769 812; x_wconf 88' lang='lat' dir='ltr'>campis.</span> <span class='ocrx_word' id='word_1_46' title='bbox 792 760 883 799; x_wconf 81' lang='lat' dir='ltr'>Haec</span> <span class='ocrx_word' id='word_1_47' title='bbox 905 758 1041 799; x_wconf 88' lang='lat' dir='ltr'>omnia</span> <span class='ocrx_word' id='word_1_48' title='bbox 1064 758 1221 811; x_wconf 86' lang='lat' dir='ltr'>pridem</span> 
     </span>
    </p>

    <p class='ocr_par' dir='ltr' id='par_1_3' title="bbox 221 829 1274 883">
     <span class='ocr_line' id='line_1_9' title="bbox 221 829 1274 883; baseline 0.001 -13"><span class='ocrx_word' id='word_1_49' title='bbox 221 829 414 870; x_wconf 87' lang='lat' dir='ltr'>Novimus</span> <span class='ocrx_word' id='word_1_50' title='bbox 440 830 618 882; x_wconf 83' lang='lat' dir='ltr'>experti3</span> <span class='ocrx_word' id='word_1_51' title='bbox 643 831 675 871; x_wconf 89' lang='lat' dir='ltr'>si</span> <span class='ocrx_word' id='word_1_52' title='bbox 701 831 796 883; x_wconf 89' lang='lat' dir='ltr'>quid</span> <span class='ocrx_word' id='word_1_53' title='bbox 816 831 936 871; x_wconf 90' lang='lat' dir='ltr'>modo</span> <span class='ocrx_word' id='word_1_54' title='bbox 959 835 1118 883; x_wconf 82' lang='lat' dir='ltr'>pectore</span> <span class='ocrx_word' id='word_1_55' title='bbox 1141 830 1183 871; x_wconf 91' lang='lat' dir='ltr'>in</span> <span class='ocrx_word' id='word_1_56' title='bbox 1206 829 1274 871; x_wconf 89' lang='lat' dir='ltr'>illo</span> 
     </span>
    </p>

    <p class='ocr_par' dir='ltr' id='par_1_4' title="bbox 221 901 1176 952">
     <span class='ocr_line' id='line_1_10' title="bbox 221 901 1176 952; baseline 0.001 -11"><span class='ocrx_word' id='word_1_57' title='bbox 221 903 302 941; x_wconf 88' lang='lat' dir='ltr'>Aut</span> <span class='ocrx_word' id='word_1_58' title='bbox 324 901 410 942; x_wconf 85' lang='lat' dir='ltr'>veri</span> <span class='ocrx_word' id='word_1_59' title='bbox 429 907 497 942; x_wconf 89' lang='lat' dir='ltr'>aut</span> <span class='ocrx_word' id='word_1_60' title='bbox 518 902 644 942; x_wconf 88' lang='lat' dir='ltr'>sancti</span> <span class='ocrx_word' id='word_1_61' title='bbox 664 902 807 942; x_wconf 88' lang='lat' dir='ltr'>melior</span> <span class='ocrx_word' id='word_1_62' title='bbox 831 906 975 942; x_wconf 89' lang='lat' dir='ltr'>natura</span> <span class='ocrx_word' id='word_1_63' title='bbox 991 901 1176 952; x_wconf 82' lang='lat' dir='ltr'>locasset,</span> 
     </span>
    </p>

    <p class='ocr_par' dir='ltr' id='par_1_5' title="bbox 221 972 1227 1026">
     <span class='ocr_line' id='line_1_11' title="bbox 221 972 1227 1026; baseline 0.001 -14"><span class='ocrx_word' id='word_1_64' title='bbox 221 973 409 1024; x_wconf 89' lang='lat' dir='ltr'>Optarem</span> <span class='ocrx_word' id='word_1_65' title='bbox 428 977 566 1013; x_wconf 84' lang='lat' dir='ltr'>nostro</span> <span class='ocrx_word' id='word_1_66' title='bbox 586 973 766 1026; x_wconf 87' lang='lat' dir='ltr'>genitum</span> <span class='ocrx_word' id='word_1_67' title='bbox 784 978 1007 1026; x_wconf 86' lang='lat' dir='ltr'>natumque</span> <span class='ocrx_word' id='word_1_68' title='bbox 1028 973 1101 1013; x_wconf 89' lang='lat' dir='ltr'>sub</span> <span class='ocrx_word' id='word_1_69' title='bbox 1118 972 1227 1013; x_wconf 88' lang='lat' dir='ltr'>orbe.</span> 
     </span>
    </p>

    <p class='ocr_par' dir='ltr' id='par_1_6' title="bbox 219 1044 1496 1169">
     <span class='ocr_line' id='line_1_12' title="bbox 219 1044 1496 1098; baseline 0.002 -14"><span class='ocrx_word' id='word_1_70' title='bbox 219 1044 315 1093; x_wconf 84' lang='lat' dir='ltr'>Quis</span> <span class='ocrx_word' id='word_1_71' title='bbox 333 1044 434 1085; x_wconf 88' lang='lat' dir='ltr'>mihi</span> <span class='ocrx_word' id='word_1_72' title='bbox 452 1045 659 1086; x_wconf 86' lang='lat' dir='ltr'>ductorem</span> <span class='ocrx_word' id='word_1_73' title='bbox 681 1045 817 1085; x_wconf 87' lang='lat' dir='ltr'>laudet</span> <span class='ocrx_word' id='word_1_74' title='bbox 841 1056 963 1098; x_wconf 87' lang='lat' dir='ltr'>quem</span> <span class='ocrx_word' id='word_1_75' title='bbox 982 1056 1083 1085; x_wconf 77' lang='lat' dir='ltr'>caeca</span> <span class='ocrx_word' id='word_1_76' title='bbox 1101 1044 1298 1097; x_wconf 81' lang='lat' dir='ltr'>gubernet</span> <span class='ocrx_word' id='word_1_77' title='bbox 1420 1047 1496 1086; x_wconf 80' lang='lat'>135</span> 
     </span>
     <span class='ocr_line' id='line_1_13' title="bbox 220 1115 1200 1169; baseline 0 -13"><span class='ocrx_word' id='word_1_78' title='bbox 220 1116 400 1157; x_wconf 83' lang='lat' dir='ltr'>Ebrietas</span> <span class='ocrx_word' id='word_1_79' title='bbox 418 1115 607 1169; x_wconf 79' lang='lat' dir='ltr'>fugienda</span> <span class='ocrx_word' id='word_1_80' title='bbox 625 1116 710 1157; x_wconf 88' lang='lat' dir='ltr'>viro</span> <span class='ocrx_word' id='word_1_81' title='bbox 735 1116 989 1169; x_wconf 87' lang='lat' dir='ltr'>cuicumque,</span> <span class='ocrx_word' id='word_1_82' title='bbox 1011 1116 1080 1157; x_wconf 91' lang='lat' dir='ltr'>sed</span> <span class='ocrx_word' id='word_1_83' title='bbox 1100 1116 1200 1156; x_wconf 75' lang='lat' dir='ltr'>altis&#39;</span> 
     </span>
    </p>

    <p class='ocr_par' dir='ltr' id='par_1_7' title="bbox 219 1187 1202 1241">
     <span class='ocr_line' id='line_1_14' title="bbox 219 1187 1202 1241; baseline 0.001 -14"><span class='ocrx_word' id='word_1_84' title='bbox 219 1187 469 1240; x_wconf 81' lang='lat' dir='ltr'>Principibus</span> <span class='ocrx_word' id='word_1_85' title='bbox 487 1188 646 1229; x_wconf 87' lang='lat' dir='ltr'>funesta</span> <span class='ocrx_word' id='word_1_86' title='bbox 666 1188 778 1229; x_wconf 85' lang='lat' dir='ltr'>lues?</span> <span class='ocrx_word' id='word_1_87' title='bbox 798 1188 894 1238; x_wconf 85' lang='lat' dir='ltr'>Quis</span> <span class='ocrx_word' id='word_1_88' title='bbox 913 1200 1049 1241; x_wconf 89' lang='lat' dir='ltr'>sparsa</span> <span class='ocrx_word' id='word_1_89' title='bbox 1063 1200 1202 1229; x_wconf 88' lang='lat' dir='ltr'>cruore</span> 
     </span>
    </p>

    <p class='ocr_par' dir='ltr' id='par_1_8' title="bbox 219 1259 1145 1312">
     <span class='ocr_line' id='line_1_15' title="bbox 219 1259 1145 1312; baseline 0.001 -13"><span class='ocrx_word' id='word_1_90' title='bbox 219 1259 409 1300; x_wconf 86' lang='lat' dir='ltr'>Convivia</span> <span class='ocrx_word' id='word_1_91' title='bbox 428 1264 467 1300; x_wconf 89' lang='lat' dir='ltr'>et</span> <span class='ocrx_word' id='word_1_92' title='bbox 485 1260 615 1312; x_wconf 89' lang='lat' dir='ltr'>plenis</span> <span class='ocrx_word' id='word_1_93' title='bbox 636 1260 737 1301; x_wconf 87' lang='lat' dir='ltr'>elata</span> <span class='ocrx_word' id='word_1_94' title='bbox 764 1260 956 1301; x_wconf 78' lang='lat' dir='ltr'>cadavera</span> <span class='ocrx_word' id='word_1_95' title='bbox 975 1260 1145 1310; x_wconf 83' lang='lat' dir='ltr'>mensis,</span> 
     </span>
    </p>

    <p class='ocr_par' dir='ltr' id='par_1_9' title="bbox 217 1330 1497 1529">
     <span class='ocr_line' id='line_1_16' title="bbox 219 1330 1334 1384; baseline 0.001 -13"><span class='ocrx_word' id='word_1_96' title='bbox 219 1333 372 1383; x_wconf 89' lang='lat' dir='ltr'>Perque</span> <span class='ocrx_word' id='word_1_97' title='bbox 393 1335 536 1372; x_wconf 62' lang='lat' dir='ltr'>aestum</span> <span class='ocrx_word' id='word_1_98' title='bbox 555 1332 748 1384; x_wconf 88' lang='lat' dir='ltr'>ancipites</span> <span class='ocrx_word' id='word_1_99' title='bbox 767 1332 915 1384; x_wconf 79' lang='lat' dir='ltr'>algenti</span> <span class='ocrx_word' id='word_1_100' title='bbox 936 1331 979 1372; x_wconf 92' lang='lat' dir='ltr'>in</span> <span class='ocrx_word' id='word_1_101' title='bbox 1003 1331 1171 1372; x_wconf 85' lang='lat' dir='ltr'>flumine</span> <span class='ocrx_word' id='word_1_102' title='bbox 1192 1330 1334 1381; x_wconf 87' lang='lat' dir='ltr'>saltus,</span> 
     </span>
     <span class='ocr_line' id='line_1_17' title="bbox 219 1403 1497 1455; baseline 0.001 -13"><span class='ocrx_word' id='word_1_103' title='bbox 219 1403 452 1444; x_wconf 83' lang='lat' dir='ltr'>Barbaricus</span> <span class='ocrx_word' id='word_1_104' title='bbox 475 1404 537 1444; x_wconf 90' lang='lat' dir='ltr'>cui</span> <span class='ocrx_word' id='word_1_105' title='bbox 553 1403 673 1445; x_wconf 82' lang='lat' dir='ltr'>luxus</span> <span class='ocrx_word' id='word_1_106' title='bbox 691 1404 814 1455; x_wconf 87' lang='lat' dir='ltr'>iners,</span> <span class='ocrx_word' id='word_1_107' title='bbox 840 1408 879 1445; x_wconf 92' lang='lat' dir='ltr'>et</span> <span class='ocrx_word' id='word_1_108' title='bbox 907 1404 1062 1444; x_wconf 86' lang='lat' dir='ltr'>Persica</span> <span class='ocrx_word' id='word_1_109' title='bbox 1083 1403 1200 1444; x_wconf 86' lang='lat' dir='ltr'>sortis</span> <span class='ocrx_word' id='word_1_110' title='bbox 1419 1406 1497 1443; x_wconf 71' lang='grc'><strong>110</strong></span> 
     </span>
     <span class='ocr_line' id='line_1_18' title="bbox 217 1475 1308 1529; baseline 0 -14"><span class='ocrx_word' id='word_1_111' title='bbox 217 1475 498 1517; x_wconf 85' lang='lat' dir='ltr'>Blandimenta</span> <span class='ocrx_word' id='word_1_112' title='bbox 520 1488 636 1517; x_wconf 68' lang='lat' dir='ltr'>nova}</span> <span class='ocrx_word' id='word_1_113' title='bbox 663 1476 859 1529; x_wconf 85' lang='lat' dir='ltr'>placeant,</span> <span class='ocrx_word' id='word_1_114' title='bbox 886 1489 929 1517; x_wconf 86' lang='lat' dir='ltr'>ac</span> <span class='ocrx_word' id='word_1_115' title='bbox 950 1488 1127 1529; x_wconf 83' lang='lat' dir='ltr'>purpura</span> <span class='ocrx_word' id='word_1_116' title='bbox 1145 1475 1308 1516; x_wconf 85' lang='lat' dir='ltr'>mollis?</span> 
     </span>
    </p>

    <p class='ocr_par' dir='ltr' id='par_1_10' title="bbox 216 1548 1228 1601">
     <span class='ocr_line' id='line_1_19' title="bbox 216 1548 1228 1601; baseline 0 -13"><span class='ocrx_word' id='word_1_117' title='bbox 216 1549 363 1589; x_wconf 83' lang='lat' dir='ltr'>Caetera</span> <span class='ocrx_word' id='word_1_118' title='bbox 382 1552 589 1601; x_wconf 83' lang='lat' dir='ltr'>praetereo,</span> <span class='ocrx_word' id='word_1_119' title='bbox 613 1548 682 1589; x_wconf 91' lang='lat' dir='ltr'>sed</span> <span class='ocrx_word' id='word_1_120' title='bbox 704 1548 813 1589; x_wconf 87' lang='lat' dir='ltr'>enim</span> <span class='ocrx_word' id='word_1_121' title='bbox 837 1560 920 1589; x_wconf 89' lang='lat' dir='ltr'>non</span> <span class='ocrx_word' id='word_1_122' title='bbox 937 1548 1119 1589; x_wconf 91' lang='lat' dir='ltr'>moribus</span> <span class='ocrx_word' id='word_1_123' title='bbox 1140 1548 1228 1589; x_wconf 84' lang='lat' dir='ltr'>istis</span> 
     </span>
    </p>

    <p class='ocr_par' dir='ltr' id='par_1_11' title="bbox 216 1620 1134 1662">
     <span class='ocr_line' id='line_1_20' title="bbox 216 1620 1134 1662; baseline 0 -2"><span class='ocrx_word' id='word_1_124' title='bbox 216 1620 415 1661; x_wconf 85' lang='lat' dir='ltr'>Hannibal</span> <span class='ocrx_word' id='word_1_125' title='bbox 441 1620 595 1661; x_wconf 88' lang='lat' dir='ltr'>Italiam</span> <span class='ocrx_word' id='word_1_126' title='bbox 614 1620 716 1661; x_wconf 87' lang='lat' dir='ltr'>bello</span> <span class='ocrx_word' id='word_1_127' title='bbox 745 1625 924 1662; x_wconf 87' lang='lat' dir='ltr'>vastasse</span> <span class='ocrx_word' id='word_1_128' title='bbox 959 1620 1134 1661; x_wconf 86' lang='lat' dir='ltr'>trilustri</span> 
     </span>
    </p>

    <p class='ocr_par' dir='ltr' id='par_1_12' title="bbox 216 1692 1224 1746">
     <span class='ocr_line' id='line_1_21' title="bbox 216 1692 1224 1746; baseline 0.001 -15"><span class='ocrx_word' id='word_1_129' title='bbox 216 1692 386 1733; x_wconf 82' lang='lat' dir='ltr'>Evaluit.</span> <span class='ocrx_word' id='word_1_130' title='bbox 407 1708 425 1731; x_wconf 80' lang='lat'>›)</span> <span class='ocrx_word' id='word_1_131' title='bbox 451 1693 514 1734; x_wconf 87' lang='lat' dir='ltr'>Sic</span> <span class='ocrx_word' id='word_1_132' title='bbox 533 1692 638 1734; x_wconf 86' lang='lat' dir='ltr'>fatus</span> <span class='ocrx_word' id='word_1_133' title='bbox 655 1699 753 1743; x_wconf 84' lang='lat' dir='ltr'>erat,</span> <span class='ocrx_word' id='word_1_134' title='bbox 776 1698 865 1734; x_wconf 87' lang='lat' dir='ltr'>tum</span> <span class='ocrx_word' id='word_1_135' title='bbox 885 1705 1011 1746; x_wconf 87' lang='lat' dir='ltr'>pauca</span> <span class='ocrx_word' id='word_1_136' title='bbox 1041 1693 1224 1733; x_wconf 83' lang='lat' dir='ltr'>modeste</span> 
     </span>
    </p>

    <p class='ocr_par' dir='ltr' id='par_1_13' title="bbox 215 1764 1494 1888">
     <span class='ocr_line' id='line_1_22' title="bbox 215 1764 1494 1818; baseline -0.001 -14"><span class='ocrx_word' id='word_1_137' title='bbox 215 1764 445 1805; x_wconf 85' lang='lat' dir='ltr'>Massinissa</span> <span class='ocrx_word' id='word_1_138' title='bbox 468 1764 589 1805; x_wconf 86' lang='lat' dir='ltr'>refert</span> <span class='ocrx_word' id='word_1_139' title='bbox 610 1779 619 1804; x_wconf 89' lang='lat'><strong>:</strong></span> <span class='ocrx_word' id='word_1_140' title='bbox 646 1780 665 1802; x_wconf 90' lang='lat'>«</span> <span class='ocrx_word' id='word_1_141' title='bbox 684 1768 901 1818; x_wconf 89' lang='lat' dir='ltr'>Depressor</span> <span class='ocrx_word' id='word_1_142' title='bbox 921 1776 1065 1817; x_wconf 80' lang='lat' dir='ltr'>magne</span> <span class='ocrx_word' id='word_1_143' title='bbox 1103 1769 1265 1804; x_wconf 87' lang='lat' dir='ltr'>tuarum</span> <span class='ocrx_word' id='word_1_144' title='bbox 1412 1765 1494 1804; x_wconf 69' lang='lat'>445</span> 
     </span>
     <span class='ocr_line' id='line_1_23' title="bbox 215 1836 1144 1888; baseline 0.001 -12"><span class='ocrx_word' id='word_1_145' title='bbox 215 1837 346 1888; x_wconf 88' lang='lat' dir='ltr'>Atque</span> <span class='ocrx_word' id='word_1_146' title='bbox 366 1836 588 1877; x_wconf 90' lang='lat' dir='ltr'>alienarum</span> <span class='ocrx_word' id='word_1_147' title='bbox 610 1836 776 1877; x_wconf 89' lang='lat' dir='ltr'>mirator</span> <span class='ocrx_word' id='word_1_148' title='bbox 795 1836 971 1877; x_wconf 78' lang='lat' dir='ltr'>maxime</span> <span class='ocrx_word' id='word_1_149' title='bbox 991 1848 1144 1886; x_wconf 88' lang='lat' dir='ltr'>rerum,</span> 
     </span>
    </p>

    <p class='ocr_par' dir='ltr' id='par_1_14' title="bbox 215 1906 1211 1959">
     <span class='ocr_line' id='line_1_24' title="bbox 215 1906 1211 1959; baseline 0.001 -12"><span class='ocrx_word' id='word_1_150' title='bbox 215 1906 257 1947; x_wconf 92' lang='lat' dir='ltr'>Si</span> <span class='ocrx_word' id='word_1_151' title='bbox 276 1907 377 1948; x_wconf 89' lang='lat' dir='ltr'>mihi</span> <span class='ocrx_word' id='word_1_152' title='bbox 396 1908 465 1948; x_wconf 86' lang='lat' dir='ltr'>das</span> <span class='ocrx_word' id='word_1_153' title='bbox 486 1907 596 1949; x_wconf 83' lang='lat' dir='ltr'>fandi</span> <span class='ocrx_word' id='word_1_154' title='bbox 621 1909 796 1959; x_wconf 88' lang='lat' dir='ltr'>veniam,</span> <span class='ocrx_word' id='word_1_155' title='bbox 822 1914 899 1950; x_wconf 88' lang='lat' dir='ltr'>stat</span> <span class='ocrx_word' id='word_1_156' title='bbox 920 1909 1051 1950; x_wconf 87' lang='lat' dir='ltr'>dicere</span> <span class='ocrx_word' id='word_1_157' title='bbox 1071 1913 1211 1949; x_wconf 88' lang='lat' dir='ltr'>contra</span> 
     </span>
    </p>
   </div>
   <div class='ocr_carea' id='block_1_3' title="bbox 1447 330 1498 369">
    <p class='ocr_par' dir='ltr' id='par_1_15' title="bbox 1447 330 1498 369">
     <span class='ocr_line' id='line_1_25' title="bbox 1447 330 1498 369; textangle 90"><span class='ocrx_word' id='word_1_158' title='bbox 1447 330 1498 369; x_wconf 50' lang='grc' dir='ltr'>ἓξ</span> 
     </span>
    </p>
   </div>
   <div class='ocr_carea' id='block_1_4' title="bbox 256 2069 1491 2567">
    <p class='ocr_par' dir='ltr' id='par_1_16' title="bbox 259 2069 1227 2111">
     <span class='ocr_line' id='line_1_26' title="bbox 259 2069 1227 2111; baseline 0.001 -9"><span class='ocrx_word' id='word_1_159' title='bbox 259 2070 336 2102; x_wconf 78' lang='grc'><strong>125.</strong></span> <span class='ocrx_word' id='word_1_160' title='bbox 356 2070 478 2103; x_wconf 83' lang='lat' dir='ltr'>Ducem</span> <span class='ocrx_word' id='word_1_161' title='bbox 496 2070 529 2103; x_wconf 88' lang='lat' dir='ltr'>in</span> <span class='ocrx_word' id='word_1_162' title='bbox 549 2072 601 2103; x_wconf 83' lang='lat' dir='ltr'>ed.</span> <span class='ocrx_word' id='word_1_163' title='bbox 623 2071 712 2110; x_wconf 62' lang='lat' dir='ltr'>Bas„</span> <span class='ocrx_word' id='word_1_164' title='bbox 734 2071 808 2103; x_wconf 83' lang='lat' dir='ltr'>duci</span> <span class='ocrx_word' id='word_1_165' title='bbox 828 2071 860 2103; x_wconf 89' lang='lat' dir='ltr'>in</span> <span class='ocrx_word' id='word_1_166' title='bbox 880 2080 942 2103; x_wconf 87' lang='lat' dir='ltr'>ms.</span> <span class='ocrx_word' id='word_1_167' title='bbox 958 2072 996 2110; x_wconf 91' lang='lat' dir='ltr'>A,</span> <span class='ocrx_word' id='word_1_168' title='bbox 1017 2071 1054 2110; x_wconf 84' lang='lat' dir='ltr'>B,</span> <span class='ocrx_word' id='word_1_169' title='bbox 1073 2071 1110 2111; x_wconf 93' lang='lat' dir='ltr'>C,</span> <span class='ocrx_word' id='word_1_170' title='bbox 1129 2072 1169 2110; x_wconf 87' lang='lat' dir='ltr'>D,</span> <span class='ocrx_word' id='word_1_171' title='bbox 1191 2069 1227 2103; x_wconf 90' lang='lat' dir='ltr'>E.</span> 
     </span>
    </p>

    <p class='ocr_par' dir='ltr' id='par_1_17' title="bbox 259 2126 1396 2218">
     <span class='ocr_line' id='line_1_27' title="bbox 259 2126 1396 2169; baseline 0.001 -11"><span class='ocrx_word' id='word_1_172' title='bbox 259 2129 335 2160; x_wconf 77' lang='lat'><strong>126.</strong></span> <span class='ocrx_word' id='word_1_173' title='bbox 357 2127 522 2161; x_wconf 81' lang='lat' dir='ltr'>Frementi</span> <span class='ocrx_word' id='word_1_174' title='bbox 542 2128 575 2160; x_wconf 89' lang='lat' dir='ltr'>in</span> <span class='ocrx_word' id='word_1_175' title='bbox 596 2130 649 2161; x_wconf 87' lang='lat' dir='ltr'>ed.</span> <span class='ocrx_word' id='word_1_176' title='bbox 670 2129 759 2168; x_wconf 65' lang='lat' dir='ltr'>Bas„</span> <span class='ocrx_word' id='word_1_177' title='bbox 776 2128 972 2169; x_wconf 83' lang='lat' dir='ltr'>frementum</span> <span class='ocrx_word' id='word_1_178' title='bbox 993 2128 1026 2160; x_wconf 90' lang='lat' dir='ltr'>in</span> <span class='ocrx_word' id='word_1_179' title='bbox 1046 2137 1108 2161; x_wconf 88' lang='lat' dir='ltr'>ms.</span> <span class='ocrx_word' id='word_1_180' title='bbox 1130 2129 1168 2167; x_wconf 89' lang='lat' dir='ltr'>A,</span> <span class='ocrx_word' id='word_1_181' title='bbox 1190 2128 1226 2169; x_wconf 89' lang='lat' dir='ltr'>B,</span> <span class='ocrx_word' id='word_1_182' title='bbox 1248 2127 1284 2168; x_wconf 89' lang='lat' dir='ltr'>G,</span> <span class='ocrx_word' id='word_1_183' title='bbox 1304 2128 1341 2167; x_wconf 93' lang='lat' dir='ltr'>D,</span> <span class='ocrx_word' id='word_1_184' title='bbox 1361 2126 1396 2159; x_wconf 81' lang='grc' dir='ltr'>Ε.</span> 
     </span>
     <span class='ocr_line' id='line_1_28' title="bbox 259 2183 811 2218; baseline 0.005 -4"><span class='ocrx_word' id='word_1_185' title='bbox 259 2183 335 2216; x_wconf 78' lang='grc'><strong>127.</strong></span> <span class='ocrx_word' id='word_1_186' title='bbox 356 2184 414 2217; x_wconf 81' lang='lat' dir='ltr'>Est</span> <span class='ocrx_word' id='word_1_187' title='bbox 430 2184 586 2217; x_wconf 86' lang='lat' dir='ltr'>omissum</span> <span class='ocrx_word' id='word_1_188' title='bbox 606 2185 639 2217; x_wconf 92' lang='lat' dir='ltr'>in</span> <span class='ocrx_word' id='word_1_189' title='bbox 660 2185 713 2218; x_wconf 88' lang='lat' dir='ltr'>ed.</span> <span class='ocrx_word' id='word_1_190' title='bbox 739 2185 811 2217; x_wconf 86' lang='lat' dir='ltr'>Bas.</span> 
     </span>
    </p>

    <p class='ocr_par' dir='ltr' id='par_1_18' title="bbox 257 2239 1491 2339">
     <span class='ocr_line' id='line_1_29' title="bbox 259 2239 1491 2285; baseline -0.001 -13"><span class='ocrx_word' id='word_1_191' title='bbox 259 2242 335 2273; x_wconf 85' lang='lat'><strong>130.</strong></span> <span class='ocrx_word' id='word_1_192' title='bbox 350 2241 431 2274; x_wconf 81' lang='lat' dir='ltr'>Erat</span> <span class='ocrx_word' id='word_1_193' title='bbox 448 2242 481 2273; x_wconf 87' lang='lat' dir='ltr'>in</span> <span class='ocrx_word' id='word_1_194' title='bbox 496 2244 547 2275; x_wconf 89' lang='lat' dir='ltr'>ed.</span> <span class='ocrx_word' id='word_1_195' title='bbox 562 2243 651 2282; x_wconf 61' lang='lat' dir='ltr'>Bas„</span> <span class='ocrx_word' id='word_1_196' title='bbox 667 2245 719 2275; x_wconf 82' lang='lat' dir='ltr'>eat</span> <span class='ocrx_word' id='word_1_197' title='bbox 732 2241 847 2285; x_wconf 81' lang='lat' dir='ltr'>(corr.)</span> <span class='ocrx_word' id='word_1_198' title='bbox 860 2242 893 2274; x_wconf 89' lang='lat' dir='ltr'>in</span> <span class='ocrx_word' id='word_1_199' title='bbox 908 2252 969 2274; x_wconf 89' lang='lat' dir='ltr'>ms.</span> <span class='ocrx_word' id='word_1_200' title='bbox 986 2242 1023 2282; x_wconf 91' lang='lat' dir='ltr'>A,</span> <span class='ocrx_word' id='word_1_201' title='bbox 1039 2245 1072 2275; x_wconf 88' lang='lat' dir='ltr'>et</span> <span class='ocrx_word' id='word_1_202' title='bbox 1085 2242 1160 2274; x_wconf 83' lang='lat' dir='ltr'>inde</span> <span class='ocrx_word' id='word_1_203' title='bbox 1175 2241 1208 2274; x_wconf 88' lang='lat' dir='ltr'>in</span> <span class='ocrx_word' id='word_1_204' title='bbox 1224 2251 1284 2274; x_wconf 87' lang='lat' dir='ltr'>ms.</span> <span class='ocrx_word' id='word_1_205' title='bbox 1300 2242 1337 2281; x_wconf 88' lang='lat' dir='ltr'>B,</span> <span class='ocrx_word' id='word_1_206' title='bbox 1350 2241 1384 2281; x_wconf 88' lang='lat' dir='ltr'>C,</span> <span class='ocrx_word' id='word_1_207' title='bbox 1401 2242 1438 2281; x_wconf 89' lang='lat' dir='ltr'>D,</span> <span class='ocrx_word' id='word_1_208' title='bbox 1455 2239 1491 2272; x_wconf 60' lang='lat' dir='ltr'>E,</span> 
     </span>
     <span class='ocr_line' id='line_1_30' title="bbox 257 2297 1315 2339; baseline 0 -10"><span class='ocrx_word' id='word_1_209' title='bbox 257 2299 333 2329; x_wconf 77' lang='lat'><strong>132.</strong></span> <span class='ocrx_word' id='word_1_210' title='bbox 352 2297 500 2331; x_wconf 78' lang='lat' dir='ltr'>Nominis</span> <span class='ocrx_word' id='word_1_211' title='bbox 518 2299 551 2331; x_wconf 91' lang='lat' dir='ltr'>in</span> <span class='ocrx_word' id='word_1_212' title='bbox 569 2301 620 2332; x_wconf 88' lang='lat' dir='ltr'>ed.</span> <span class='ocrx_word' id='word_1_213' title='bbox 640 2300 729 2339; x_wconf 66' lang='lat' dir='ltr'>Bas„</span> <span class='ocrx_word' id='word_1_214' title='bbox 751 2299 898 2331; x_wconf 80' lang='lat' dir='ltr'>novimus</span> <span class='ocrx_word' id='word_1_215' title='bbox 919 2299 952 2330; x_wconf 90' lang='lat' dir='ltr'>in</span> <span class='ocrx_word' id='word_1_216' title='bbox 974 2307 1036 2331; x_wconf 90' lang='lat' dir='ltr'>ms.</span> <span class='ocrx_word' id='word_1_217' title='bbox 1058 2300 1097 2338; x_wconf 88' lang='lat' dir='ltr'>A,</span> <span class='ocrx_word' id='word_1_218' title='bbox 1114 2299 1152 2337; x_wconf 87' lang='lat' dir='ltr'>B,</span> <span class='ocrx_word' id='word_1_219' title='bbox 1170 2298 1205 2337; x_wconf 88' lang='lat' dir='ltr'>C,</span> <span class='ocrx_word' id='word_1_220' title='bbox 1224 2299 1263 2338; x_wconf 91' lang='lat' dir='ltr'>D,</span> <span class='ocrx_word' id='word_1_221' title='bbox 1278 2299 1315 2330; x_wconf 88' lang='lat' dir='ltr'>E.</span> 
     </span>
    </p>

    <p class='ocr_par' dir='ltr' id='par_1_19' title="bbox 258 2354 1221 2395">
     <span class='ocr_line' id='line_1_31' title="bbox 258 2354 1221 2395; baseline 0.002 -10"><span class='ocrx_word' id='word_1_222' title='bbox 258 2355 333 2386; x_wconf 80' lang='lat'><strong>133.</strong></span> <span class='ocrx_word' id='word_1_223' title='bbox 354 2354 447 2387; x_wconf 75' lang='lat' dir='ltr'>Fidei</span> <span class='ocrx_word' id='word_1_224' title='bbox 467 2355 499 2386; x_wconf 87' lang='lat' dir='ltr'>in</span> <span class='ocrx_word' id='word_1_225' title='bbox 517 2357 569 2388; x_wconf 87' lang='lat' dir='ltr'>ed.</span> <span class='ocrx_word' id='word_1_226' title='bbox 590 2357 679 2395; x_wconf 66' lang='lat' dir='ltr'>Bas„</span> <span class='ocrx_word' id='word_1_227' title='bbox 700 2356 804 2388; x_wconf 79' lang='lat' dir='ltr'>saneti</span> <span class='ocrx_word' id='word_1_228' title='bbox 824 2355 857 2387; x_wconf 89' lang='lat' dir='ltr'>in</span> <span class='ocrx_word' id='word_1_229' title='bbox 878 2365 938 2386; x_wconf 85' lang='lat' dir='ltr'>ms.</span> <span class='ocrx_word' id='word_1_230' title='bbox 959 2356 996 2394; x_wconf 84' lang='lat' dir='ltr'>A,</span> <span class='ocrx_word' id='word_1_231' title='bbox 1016 2356 1052 2394; x_wconf 79' lang='grc' dir='ltr'>Β,</span> <span class='ocrx_word' id='word_1_232' title='bbox 1070 2356 1107 2394; x_wconf 91' lang='lat' dir='ltr'>C,</span> <span class='ocrx_word' id='word_1_233' title='bbox 1128 2356 1163 2393; x_wconf 87' lang='lat' dir='ltr'>D,</span> <span class='ocrx_word' id='word_1_234' title='bbox 1183 2356 1221 2387; x_wconf 88' lang='lat' dir='ltr'>E.</span> 
     </span>
    </p>

    <p class='ocr_par' dir='ltr' id='par_1_20' title="bbox 258 2411 1357 2452">
     <span class='ocr_line' id='line_1_32' title="bbox 258 2411 1357 2452; baseline 0.001 -11"><span class='ocrx_word' id='word_1_235' title='bbox 258 2412 334 2443; x_wconf 89' lang='grc'><strong>138.</strong></span> <span class='ocrx_word' id='word_1_236' title='bbox 357 2411 553 2446; x_wconf 76' lang='lat' dir='ltr'>Communia</span> <span class='ocrx_word' id='word_1_237' title='bbox 572 2412 605 2444; x_wconf 89' lang='lat' dir='ltr'>in</span> <span class='ocrx_word' id='word_1_238' title='bbox 625 2414 677 2446; x_wconf 88' lang='lat' dir='ltr'>ed.</span> <span class='ocrx_word' id='word_1_239' title='bbox 697 2414 787 2452; x_wconf 64' lang='lat' dir='ltr'>Bas„</span> <span class='ocrx_word' id='word_1_240' title='bbox 808 2413 952 2445; x_wconf 77' lang='lat' dir='ltr'>convivia</span> <span class='ocrx_word' id='word_1_241' title='bbox 972 2413 1005 2444; x_wconf 88' lang='lat' dir='ltr'>in</span> <span class='ocrx_word' id='word_1_242' title='bbox 1019 2422 1080 2444; x_wconf 82' lang='lat' dir='ltr'>m5.</span> <span class='ocrx_word' id='word_1_243' title='bbox 1097 2413 1135 2451; x_wconf 89' lang='lat' dir='ltr'>A,</span> <span class='ocrx_word' id='word_1_244' title='bbox 1154 2412 1190 2451; x_wconf 88' lang='lat' dir='ltr'>B,</span> <span class='ocrx_word' id='word_1_245' title='bbox 1212 2413 1246 2451; x_wconf 88' lang='lat' dir='ltr'>C,</span> <span class='ocrx_word' id='word_1_246' title='bbox 1261 2412 1300 2450; x_wconf 90' lang='lat' dir='ltr'>D,</span> <span class='ocrx_word' id='word_1_247' title='bbox 1321 2411 1357 2442; x_wconf 91' lang='lat' dir='ltr'>E.</span> 
     </span>
    </p>

    <p class='ocr_par' dir='ltr' id='par_1_21' title="bbox 256 2467 1490 2567">
     <span class='ocr_line' id='line_1_33' title="bbox 256 2467 1490 2511; baseline -0.001 -11"><span class='ocrx_word' id='word_1_248' title='bbox 256 2470 334 2500; x_wconf 69' lang='lat'>141.</span> <span class='ocrx_word' id='word_1_249' title='bbox 355 2468 419 2501; x_wconf 86' lang='lat' dir='ltr'>Aut</span> <span class='ocrx_word' id='word_1_250' title='bbox 438 2469 473 2501; x_wconf 87' lang='lat' dir='ltr'>in</span> <span class='ocrx_word' id='word_1_251' title='bbox 493 2470 546 2502; x_wconf 87' lang='lat' dir='ltr'>ed.</span> <span class='ocrx_word' id='word_1_252' title='bbox 571 2471 643 2502; x_wconf 80' lang='lat' dir='ltr'>Bas.</span> <span class='ocrx_word' id='word_1_253' title='bbox 667 2473 699 2502; x_wconf 85' lang='lat' dir='ltr'>et</span> <span class='ocrx_word' id='word_1_254' title='bbox 718 2470 751 2502; x_wconf 89' lang='lat' dir='ltr'>in</span> <span class='ocrx_word' id='word_1_255' title='bbox 771 2470 880 2511; x_wconf 85' lang='lat' dir='ltr'>priore</span> <span class='ocrx_word' id='word_1_256' title='bbox 900 2470 1040 2502; x_wconf 83' lang='lat' dir='ltr'>lectione</span> <span class='ocrx_word' id='word_1_257' title='bbox 1060 2479 1121 2503; x_wconf 88' lang='lat' dir='ltr'>ms.</span> <span class='ocrx_word' id='word_1_258' title='bbox 1137 2469 1175 2509; x_wconf 86' lang='lat' dir='ltr'>A,</span> <span class='ocrx_word' id='word_1_259' title='bbox 1196 2469 1272 2502; x_wconf 87' lang='lat' dir='ltr'>dein</span> <span class='ocrx_word' id='word_1_260' title='bbox 1288 2477 1372 2501; x_wconf 86' lang='lat' dir='ltr'>corr.</span> <span class='ocrx_word' id='word_1_261' title='bbox 1393 2467 1425 2499; x_wconf 91' lang='lat' dir='ltr'>in</span> <span class='ocrx_word' id='word_1_262' title='bbox 1439 2477 1490 2500; x_wconf 85' lang='lat' dir='ltr'>ac.</span> 
     </span>
     <span class='ocr_line' id='line_1_34' title="bbox 257 2524 1060 2567; baseline 0.001 -10"><span class='ocrx_word' id='word_1_263' title='bbox 257 2527 335 2559; x_wconf 71' lang='grc'><strong>144.</strong></span> <span class='ocrx_word' id='word_1_264' title='bbox 354 2524 436 2560; x_wconf 78' lang='lat' dir='ltr'>Cum</span> <span class='ocrx_word' id='word_1_265' title='bbox 456 2526 489 2559; x_wconf 92' lang='lat' dir='ltr'>in</span> <span class='ocrx_word' id='word_1_266' title='bbox 502 2527 555 2560; x_wconf 87' lang='lat' dir='ltr'>ed.</span> <span class='ocrx_word' id='word_1_267' title='bbox 575 2528 665 2567; x_wconf 62' lang='lat' dir='ltr'>Bas„</span> <span class='ocrx_word' id='word_1_268' title='bbox 686 2530 755 2560; x_wconf 81' lang='lat' dir='ltr'>lum</span> <span class='ocrx_word' id='word_1_269' title='bbox 773 2527 807 2560; x_wconf 88' lang='lat' dir='ltr'>in</span> <span class='ocrx_word' id='word_1_270' title='bbox 826 2527 979 2560; x_wconf 86' lang='lat' dir='ltr'>omnibus</span> <span class='ocrx_word' id='word_1_271' title='bbox 998 2536 1060 2560; x_wconf 91' lang='lat' dir='ltr'>ms.</span> 
     </span>
    </p>
   </div>
  </div>
 </body>
</html>
