1865 2959
829 295 868 301 —-
898 277 967 311 396
995 297 1036 302 —

283 358 435 398 buntur
466 370 605 398 versus
637 372 665 408 1,
695 362 788 407 441),
822 362 912 404 5:52,
952 372 1015 408 111,
1049 363 1142 409 (572,
1176 373 1213 407 ν,
1250 364 1339 408 144,
1375 364 1567 409 aiio-48⁹2,

283 433 376 481 746,
392 433 602 481 vu‚1059,
627 443 720 482 Vin,
745 434 836 481 333,
860 435 952 481 344,
977 444 1032 481 ix,
1055 436 1148 473 477.
1168 436 1210 473 111
1231 434 1420 475 omnibus
1437 440 1571 475 trans-

283 503 350 543 lati
387 509 481 544 suut
515 509 669 557 septeni
699 516 837 544 versus
878 505 919 544 in
946 505 1045 546 libro
1081 518 1108 556 1,
1143 507 1322 559 quinque
1355 519 1495 548 versus
1529 510 1570 550 in

284 575 385 616 libro
412 588 468 616 ix.

338 648 479 689 Primae
511 648 633 701 igitur
666 649 831 689 editioni
862 648 1011 702 profuit
1046 662 1152 690 unus
1187 656 1347 691 tantum
1387 653 1512 693 codex
1549 666 1571 694 a

282 720 441 761 librario
475 722 560 773 ,iani
596 721 775 771 vitiatus,
813 733 834 761 a
872 722 1122 774 typographo
1160 722 1307 763 iterum
1344 724 1565 765 vitiandus.

283 795 530 845 Argumenta
563 798 698 833 autem
729 794 872 847 cuique
902 794 1002 834 libro
1036 794 1229 847 inscripta
1250 796 1306 846 (in
1329 797 1393 836 ed.
1423 798 1567 838 Veneti.

284 876 446 915 excusa,
467 865 510 905 in
543 865 762 905 Basileensi
786 872 921 906 autem
959 867 1123 917 omissa)
1145 867 1193 907 iis
1217 867 1364 920 quibus
1392 869 1569 910 codicem

282 939 314 977 A
333 937 546 977 illustravit
566 938 760 978 Collutius
781 938 1023 990 discrepant.
1048 939 1121 988 Qui
1144 940 1243 979 inihi
1270 940 1432 980 videtur
1456 941 1522 981 ille
1547 954 1568 981 a

281 1010 461 1049 Zaccaria
500 1009 592 1060 (Iter
626 1009 822 1060 ltaliewn,
856 1024 896 1063 p.
936 1013 1025 1062 126)
1062 1012 1106 1051 in
1141 1013 1316 1065 quadam
1351 1013 1569 1053 domestica

280 1081 520 1121 bibliotheca
562 1083 779 1122 Mantuana
819 1087 1016 1135 repertus,
1062 1089 1099 1123 et
1137 1084 1338 1134 hodie,ut
1366 1090 1478 1136 puto,
1502 1085 1570 1125 ah-

282 1159 484 1206 sumptus,
514 1169 531 1191 «
552 1155 590 1194 in
615 1156 730 1206 cujus
750 1155 881 1207 operis
908 1154 1037 1195 fronte
1060 1161 1190 1196 exstat
1214 1168 1345 1197 sermo
1369 1158 1417 1197 de
1439 1157 1566 1210 pubii-

280 1225 434 1265 catione
477 1226 618 1266 Asricae
659 1226 883 1267 Petrarchae
917 1228 1164 1280 compositus
1196 1240 1267 1281 per
1297 1229 1568 1269 venerabilem

278 1298 424 1337 artium
457 1303 495 1338 et
525 1298 736 1339 medicinae
772 1299 976 1339 doctorem
1012 1301 1058 1339 D.
1100 1302 1264 1340 Petrum
1307 1300 1474 1341 Paulum
1519 1301 1566 1341 de

283 1370 473 1409 Verzeriis
493 1370 535 1410 in
556 1370 661 1410 civili
678 1373 769 1423 ,jure
794 1372 968 1424 peritum
989 1384 1080 1412 cuni
1104 1373 1287 1424 ejusdem
1315 1373 1357 1412 in
1390 1373 1567 1414 Africani

278 1443 526 1494 argumentis
566 1443 801 1483 hexametro
844 1444 1021 1484 carmine
1063 1445 1381 1497 comprehensis.
1422 1461 1440 1482 >2
1493 1446 1567 1495 Qui

279 1515 398 1567 etiam
428 1526 509 1555 non
532 1528 551 1555 e
572 1515 854 1555 Petrarcbiano
878 1516 1111 1568 exemplari,
1135 1517 1204 1556 sed
1229 1529 1248 1557 e
1268 1518 1356 1557 cod.
1384 1519 1417 1557 A
1437 1522 1568 1558 traus-

280 1589 430 1641 criptus
455 1594 529 1639 est,
554 1594 691 1642 utpote
713 1590 1068 1630 emendationibus
1088 1590 1331 1643 quibusdan]
1352 1603 1375 1631 a
1399 1591 1567 1631 Collntio

281 1661 427 1701 additis
452 1661 667 1714 aliquando
699 1668 891 1712 ornatus;
916 1663 1110 1715 quasdam
1133 1663 1230 1703 alias
1251 1662 1352 1703 forte
1374 1663 1559 1715 praebuit,

281 1739 324 1774 ut
349 1747 594 1787 qressumque
614 1748 823 1787 manusque
843 1747 913 1787 pro
935 1735 1127 1788 faciesque
1144 1735 1362 1788 yradusque
1389 1737 1435 1786 (1,
1456 1738 1567 1786 357),

281 1819 436 1859 sequens
467 1807 642 1846 tremuloe
666 1819 736 1859 pro
768 1813 932 1846 tremens
963 1808 1147 1860 prosugyoe
1166 1808 1246 1857 (ΙΙΙ,
1270 1810 1379 1858 586),
1407 1808 1569 1859 fortuna

280 1885 439 1930 umente
457 1891 526 1931 pro
547 1880 631 1932 fato
651 1879 822 1918 calc-ame
845 1883 952 1930 (vui,
971 1882 1078 1930 603),
1101 1885 1176 1919 etc.

335 1951 423 1991 Sint
444 1951 564 2003 igitur
591 1951 667 1991 hoc
698 1963 779 1991 uno
812 1951 946 1991 codice
983 1951 1044 1990 usi
1071 1952 1283 1991 venetiani
1311 1952 1568 2005 typographi,

281 2035 360 2063 uua
393 2023 617 2063 Venetiana
652 2024 828 2063 editione
864 2024 926 2063 usi
960 2029 1055 2063 sunt
1086 2024 1260 2064 editores
1295 2024 1558 2065 Basileenses.

282 2095 468 2147 Undique
494 2096 602 2135 enini
630 2096 792 2136 eosdem
823 2108 963 2136 versus
994 2096 1182 2145 omissos,
1210 2096 1350 2136 eadem
1378 2108 1567 2149 expressa

282 2167 430 2207 menda
451 2168 659 2217 invenies3
689 2168 743 2207 ita
773 2174 818 2208 ut
845 2173 982 2208 tamen
1003 2168 1153 2208 alienas
1176 2168 1352 2208 maculas
1377 2168 1563 2208 auxerint

283 2251 487 2291 novasque
506 2239 626 2279 etiam
647 2240 877 2280 addiderint
895 2240 1137 2280 recentiores
1157 2240 1396 2293 typographi
1422 2255 1430 2279 :

382 2315 447 2342 eod.
461 2325 508 2341 nis.
727 2317 773 2342 Ed.
790 2317 883 2343 venet.
1080 2317 1126 2342 Ed.
1142 2317 1199 2342 Bas.

370 2363 548 2396 Tenentes.
731 2366 885 2397 Tuentes.
1069 2367 1225 2397 Ruentes.
1320 2366 1369 2406 (11,
1392 2367 1486 2404 369.)

372 2421 443 2452 Ubi.
724 2422 809 2453 Tibi.
1064 2422 1144 2453 Sibi.
1309 2425 1372 2462 (iii,
1397 2421 1490 2462 698.)

370 2478 472 2509 Arois.
721 2479 821 2510 Artis.
1059 2479 1156 2511 Atris.
1305 2479 1362 2519 (ιν,
1385 2478 1477 2518 291.)

774 2537 858 2573 Eia„
880 2538 942 2568 etc.
