1865 2959
867 304 1079 339 -5354—

331 393 508 443 Impetus
527 390 627 431 alter
644 390 737 439 iter,
756 394 854 430 tunc
877 389 1009 442 ampla
1029 388 1236 429 volumina
1257 401 1398 430 cernes
1544 392 1623 431 ⁶265

327 465 563 515 Magnarum
580 474 716 503 rerum
735 462 842 502 vario
864 462 1053 502 distincta
1074 462 1203 503 colore

329 537 373 575 In
390 540 552 587 tenipus
572 535 764 587 perducta
783 547 919 575 suum.
946 534 1043 584 Quis
1062 540 1207 575 cuncta
1227 541 1407 576 renarret

327 608 423 656 Quce
443 606 577 647 clausa
597 606 670 646 sub
689 611 826 647 mente
850 607 980 659 gerit?
999 622 1016 643 η
1045 606 1239 647 Pulsabar
1261 606 1407 648 anhelo

328 680 490 719 Pectore
520 679 677 719 visendi
698 679 883 732 cupidus,
908 679 1158 731 cupidusque
1179 678 1370 731 loquendi

326 753 497 801 Interea,
519 757 558 792 et
577 763 771 804 magnum
792 752 882 804 quis
906 751 1067 791 credere
1090 755 1225 803 posset
1248 752 1483 800 Homerum7
1542 752 1621 791 ⁶270

323 824 516 864 Dulcibus
538 824 727 877 optabam
745 824 878 864 verbis
898 824 1107 876 imponere
1129 828 1298 863 metam.

325 898 417 936 Jam
436 896 535 936 mihi
556 908 671 937 carus
691 901 774 936 erat
793 901 832 936 te
852 901 1015 949 propter
1039 900 1078 935 et
1098 894 1178 935 alta
1197 894 1325 935 relatu

324 970 487 1009 Caetera.
511 968 685 1008 Procedo
712 967 880 1017 sensim,
904 967 1148 1020 propiorque
1166 978 1384 1019 parumper

325 1041 535 1092 Conspicio
555 1040 662 1080 curis
684 1040 894 1092 gravidum
918 1039 992 1079 snb
1011 1040 1107 1079 flore
1124 1041 1321 1091 J'uventae-⁷

324 1115 373 1152 Et
391 1113 544 1153 calamo
566 1113 791 1153 haerentem
810 1112 1010 1165 viridique
1028 1112 1070 1151 in
1092 1112 1272 1164 gramine
1292 1115 1466 1163 septum⁷
1541 1112 1619 1150 2753

324 1185 546 1226 Arboribus
567 1185 688 1226 variis
712 1185 959 1225 nitidissima
981 1184 1149 1224 flumina
1163 1185 1295 1236 juxta,

323 1261 378 1298 Ac
396 1258 548 1310 gelidos
567 1259 673 1299 inter
703 1258 835 1298 fontes
856 1269 1057 1310 rupesque
1079 1256 1262 1309 praealtas
1287 1270 1295 1294 :

329 1346 346 1367 (t
370 1331 551 1382 Respice,
578 1330 675 1381 duX,
702 1330 849 1382 inquit,
880 1341 969 1383 quae
995 1330 1075 1369 sint
1093 1328 1328 1369 umbracula
1348 1328 1453 1368 ruris

321 1400 562 1453 Effigiesque
583 1401 658 1449 sui,
682 1413 858 1454 namque
878 1401 973 1440 hinc
992 1400 1041 1440 ad
1061 1400 1158 1439 talia
1177 1400 1353 1452 primum

321 1473 453 1526 Eriget
472 1472 683 1525 ingenium
703 1473 823 1513 variis
843 1484 938 1512 mox
963 1471 1145 1524 partibus
1167 1471 1290 1521 orbis,
1537 1473 1616 1511 280

321 1548 370 1585 Et
388 1550 493 1586 terra
511 1545 731 1598 pelagoque
753 1557 877 1597 vagus
899 1549 1090 1596 concepta
1118 1555 1188 1596 per
1217 1555 1345 1583 annos

320 1620 538 1670 Desperata
563 1618 690 1667 sinet3
710 1618 778 1657 vix
809 1629 945 1657 rerum
967 1615 1129 1657 turbine
1149 1617 1315 1657 tandem

320 1691 556 1743 Explicitus,
580 1702 725 1743 magno
748 1690 936 1730 transibit
957 1690 1131 1742 plurima
1152 1701 1287 1730 eursu.
1313 1703 1331 1725 »

320 1763 486 1816 Singula
508 1763 699 1813 mirabar,
722 1763 870 1815 vixque
895 1762 1030 1803 audita
1053 1762 1180 1802 salute

253 1824 258 1831 ’
320 1836 545 1877 Sustulerat
565 1835 697 1888 gravis
720 1835 786 1875 ille
809 1834 945 1875 oculos
966 1840 1005 1875 et
1026 1834 1148 1874 verba
1168 1834 1348 1886 parabat,
1537 1835 1615 1873 2853

319 1910 419 1948 Cum
440 1908 639 1948 matutino
654 1907 742 1947 litui
763 1907 948 1959 clangore
970 1912 1140 1959 repente

319 1981 507 2020 Excutior
524 1980 621 2020 visis
642 1991 891 2032 somnusque
910 1979 1075 2020 recessit
1094 1979 1242 2028 inanis,

318 2055 454 2105 Teque
475 2052 601 2093 aciem
621 2052 736 2093 video
760 2052 904 2092 mediis
927 2052 1097 2092 educere
1116 2051 1269 2104 campis

318 2125 543 2166 Sublimem
562 2125 875 2177 hortantemque
895 2125 1016 2165 duces
1038 2130 1074 2164 et
1095 2125 1208 2177 signa
1234 2128 1485 2164 moventem.
1509 2138 1528 2161 »

373 2198 529 2237 Ennius
550 2198 699 2238 interea
725 2197 823 2237 dum
842 2196 992 2237 talibus
1016 2208 1084 2236 ore
1107 2196 1281 2236 disertus
1534 2197 1614 2235 ⁶290

318 2271 565 2322 AEquoreunl
588 2270 810 2322 permulcet
832 2270 921 2319 iter,
945 2271 1030 2321 jam
1056 2268 1188 2309 fessus
1206 2268 1373 2309 anhelos

319 2342 491 2383 Phoebus
508 2342 696 2382 Atlanteo
715 2341 920 2382 recreabat
935 2341 1090 2393 gurgite
1109 2353 1261 2381 currus.

318 2414 432 2454 Haud
456 2414 571 2454 aliter
591 2425 713 2466 quarn
735 2414 802 2466 qni
826 2413 991 2465 placidis
1017 2425 1088 2464 per
1110 2413 1228 2464 plana
1248 2412 1452 2465 quadrigis

362 2549 440 2578 267.
463 2547 629 2579 Producta
652 2547 683 2578 in
706 2548 757 2578 ed.
781 2547 843 2578 Bas
863 2545 1043 2588 ‚perducta
1061 2546 1094 2577 in
1113 2545 1266 2577 omnibns
1289 2554 1348 2576 ms.

358 2606 437 2635 273.
463 2604 602 2645 Propior
623 2613 709 2635 corr.
734 2604 767 2634 in
788 2612 851 2634 ms.
876 2604 900 2634 A
923 2613 980 2643 pro
995 2603 1141 2644 propius.
