1865 2959
829 204 1039 239 —169-

290 290 527 332 promissos.
551 288 685 328 Multis
706 287 892 340 equidem
913 287 968 327 sic
989 290 1148 340 pectora
1170 288 1322 340 campis

289 362 495 411 Accendit,
518 360 738 412 tribuitque
759 359 930 409 animos⁷
952 364 990 399 et
1010 371 1129 411 posse
1150 359 1277 411 coegit

289 433 401 483 Quod
418 433 537 473 modo
558 443 641 471 non
660 436 858 483 poterant.
880 431 994 471 Vires
1014 442 1129 470 mens
1148 431 1261 472 firma
1286 431 1502 483 ministrat,

291 505 431 558 Nilque
449 503 582 544 valent
603 507 726 553 artus,
747 502 825 542 nisi
846 503 953 554 quod
972 502 1080 542 dedit
1098 502 1164 542 illa
1185 502 1331 542 valere.

291 578 401 628 Saepe
420 587 489 627 ego
511 574 697 626 conspexi
717 586 842 626 quum
858 575 942 626 jam
963 573 1141 614 ferienda
1160 578 1380 614 retrorsum
1488 576 1564 615 130

290 651 415 699 Terga
434 647 574 686 darent
594 646 709 695 acies,
733 650 769 685 ct
791 645 953 697 signifer
973 645 1057 698 ipse
1075 645 1263 685 trementi

291 719 365 758 Vix
385 722 538 770 regeret
557 717 700 757 vexilla
719 728 856 766 manu,
880 716 1060 769 rapuisse
1079 716 1268 768 magistro

291 790 373 830 Pila
392 790 534 829 ducem
554 788 712 840 pavido,
735 793 773 828 et
794 788 946 828 medias
967 792 1199 840 penetrasse
1219 787 1439 840 phalanges

288 861 535 902 clamantem
555 873 562 899 :
593 874 609 895 «
624 862 730 899 Deus
751 871 839 900 ecce
861 859 989 912 praeit.
1013 859 1279 911 Sequiinijirne
1300 864 1512 901 vocantem

288 935 350 973 An
376 931 553 984 fugimus
568 932 587 971 i>
605 933 756 983 Sequar
778 931 864 983 ipse
886 931 1031 981 libens,
1059 931 1223 971 victoria
1250 931 1321 971 soli
1490 935 1565 972 135

288 1003 499 1055 Continget
519 1002 712 1055 promissa
743 1002 866 1051 1111111;
893 1007 945 1052 et,
970 1003 1002 1042 si
1021 1002 1101 1042 fata
1121 1002 1329 1053 vetabunt⁷

288 1077 400 1115 Unus
420 1087 490 1127 ego
511 1075 694 1114 emoriar.
716 1076 797 1114 Vos
821 1086 877 1117 en.
899 1074 992 1126 fuga
1012 1075 1149 1124 libera,
1171 1079 1261 1127 post
1288 1087 1353 1116 me

288 1146 417 1186 Vivite
440 1147 670 1198 degeiiereS‚
693 1146 807 1186 aliter
827 1146 1245 1199 morituraJ‘uventus.
1273 1162 1290 1184 1)

290 1218 360 1258 Η15
388 1218 503 1258 dictis
521 1218 686 1258 rediisse
705 1218 876 1268 animos,
898 1222 937 1258 et
963 1222 1124 1270 pectora
1147 1218 1266 1258 morti

289 1290 530 1342 Opposuisse
548 1290 669 1339 viros,
693 1290 747 1329 sic
767 1290 926 1330 vincere
949 1302 1052 1343 saepe
1071 1296 1241 1331 coactos.
1488 1294 1564 1331 140

289 1363 441 1401 Tantus
461 1373 572 1401 amor
592 1361 703 1401 ducis
727 1366 801 1410 est,
835 1366 973 1401 tantus
994 1362 1123 1414 pudor
1148 1366 1262 1414 urget
1286 1362 1328 1402 in
1351 1364 1483 1403 arma!

288 1435 467 1485 Namque
487 1432 554 1473 ubi
575 1433 831 1485 perpendunt
860 1437 1010 1485 quanta
1029 1438 1087 1473 est
1114 1435 1339 1475 constantia
1362 1435 1508 1485 menti,

287 1508 442 1554 Quanta
460 1504 556 1545 [ides
575 1506 789 1557 Superum,
814 1516 935 1557 quam
957 1517 1132 1557 praesens
1160 1507 1345 1559 Jiippite1²
1364 1506 1436 1557 illi,

286 1576 532 1627 consistunt,
551 1578 747 1628 J'ussuque
763 1577 832 1616 Dei
853 1588 1031 1616 remeare
1052 1581 1193 1629 putant
1215 1590 1268 1618 se.

287 1649 378 1687 Haec
404 1652 565 1699 propter
585 1659 677 1687 cum
694 1647 821 1687 multa
837 1648 934 1687 adeo
956 1648 1185 1689 tractaverit
1203 1649 1299 1688 olim
1489 1650 1564 1688 145

289 1720 436 1769 Ardua,
459 1719 569 1759 nulla
593 1720 675 1760 acie
695 1720 845 1759 victum
867 1720 964 1759 dum
986 1719 1140 1772 primus
1159 1720 1200 1760 in
1222 1720 1288 1760 illa

288 1794 376 1831 Dux
394 1790 495 1831 foret
513 1791 685 1831 assiduis
707 1791 980 1831 meminerunt
1008 1793 1150 1832 saecula
1168 1792 1298 1832 bellis.

290 1863 453 1905 Casibus
474 1863 538 1903 hic
562 1875 719 1915 quoque
743 1875 852 1903 nunc
878 1867 1074 1915 quantum
1097 1864 1172 1903 sibi
1190 1863 1290 1904 forte
1315 1862 1458 1904 futuris

290 1938 523 1985 Praesumat,
547 1946 616 1975 seu
637 1947 736 1988 quos
752 1935 893 1988 jubeat
915 1947 1072 1988 sperare
1097 1935 1279 1976 laborum

289 2009 465 2047 Eventus
485 2005 621 2046 audire
641 2006 754 2057 vens,
777 2007 1028 2060 Carthaginis
1049 2007 1137 2048 altre
1487 2009 1561 2047 150

331 2140 407 2170 126.
427 2138 537 2171 Etiam
556 2148 613 2180 pro
635 2138 782 2180 equidem
802 2138 835 2170 in
857 2148 918 2170 ms.
941 2140 977 2177 B,
997 2139 1031 2177 C,
1049 2141 1086 2171 D.

330 2198 405 2227 135.
426 2194 548 2236 Sequor
568 2206 626 2237 pro
647 2205 765 2237 sequar
786 2197 819 2228 in
841 2206 902 2228 ms.
924 2198 961 2236 B,
983 2198 1016 2235 C,
1039 2198 1075 2229 D.

331 2255 406 2285 139.
429 2252 521 2286 Acies
540 2253 574 2284 in
595 2254 648 2284 ed.
669 2254 759 2291 Bas„
780 2254 907 2286 animos
923 2254 956 2286 in
979 2264 1040 2285 ms.
1061 2254 1098 2285 Α.

331 2312 407 2342 110.
430 2309 566 2343 Coactus
585 2310 617 2341 in
639 2312 690 2342 ed.
715 2311 802 2349 Bas.‚
824 2314 950 2343 coactos
969 2312 1002 2343 in
1023 2311 1178 2343 omuibus
1203 2321 1263 2342 ms.

331 2369 406 2398 153.
429 2367 486 2398 Hic
506 2376 620 2398 versus
640 2368 734 2398 deest
754 2367 786 2398 iu
809 2377 868 2398 ms.
890 2368 926 2398 Α.

334 2425 408 2454 148.
431 2422 578 2456 cassibus
597 2424 629 2454 in
650 2425 702 2455 ed.
721 2425 808 2461 Bas„
829 2425 954 2456 casibus
970 2424 1002 2456 in
1022 2425 1173 2456 omnibus
1190 2433 1250 2456 ms.

333 2482 408 2513 150.
436 2480 515 2514 Velit
535 2480 569 2512 in
588 2481 642 2512 ed.
665 2481 751 2520 Bas„
769 2481 846 2513 velis
867 2481 899 2513 in
917 2481 1069 2513 omnibus
1088 2491 1148 2513 ms.
