1865 2959
875 227 1087 263 -100—

339 312 526 352 Testatur
542 311 730 364 genitor?
746 311 867 365 Sique
888 311 973 352 haec
994 316 1054 352 est
1073 310 1155 351 vita
1175 310 1379 363 perennis,

339 385 484 424 Nostra
503 389 637 424 autern
654 383 773 424 morti
794 384 953 434 similis,
975 384 1072 437 quid
1097 384 1283 424 demoror
1307 383 1410 424 ultra

340 458 382 496 ln
403 456 548 496 terris?
573 456 680 505 Quin
697 456 776 497 hue
800 457 934 509 potius
953 467 1207 509 quacumque
1228 455 1362 496 licebit

337 529 477 568 Evolat
496 540 710 582 assurgens
731 529 890 569 animus
914 529 1056 569 tellure
1073 527 1211 568 relicta
1229 528 1249 568 ἱ)

337 624 389 630 -
412 603 500 642 Non
515 601 618 642 bene
637 602 778 653 sentis,
799 602 878 652 ait3
904 605 1011 642 Deus
1039 601 1116 642 hoe
1133 606 1358 654 naturaque
1375 600 1507 642 sanxit
1545 602 1623 640 465

337 673 507 725 Legibus
528 674 688 714 aetemis
708 673 917 714 hominem
944 674 1116 714 statione
1139 684 1302 713 manere

338 746 537 798 Corporis,
560 746 689 786 edicto
716 746 842 786 donec
858 751 1067 786 revocetur
1085 750 1238 798 aperto.

337 819 423 857 Non
446 817 566 869 igitur
586 829 798 870 properare
820 818 947 868 decet,
976 818 1044 857 sed
1062 816 1165 858 ferre
1184 817 1367 857 modeste

335 890 711 942 Quantulacumque
736 890 869 930 brevis
890 895 1082 943 superant
1103 889 1362 930 incommoda
1382 888 1488 939 vitae,

334 963 391 1001 Ne
406 963 568 1013 jussum
591 963 790 1015 sprevisse
811 962 883 1002 Dei
904 962 1082 1012 videare,
1104 962 1211 1015 quod
1229 962 1307 1002 ista
1543 963 1621 1001 470

335 1035 438 1073 Sunt
456 1034 580 1085 geniti
607 1034 681 1074 sub
702 1033 787 1086 lege
807 1033 1011 1085 homines,
1038 1040 1080 1075 ut
1099 1046 1222 1087 regna
1242 1039 1428 1075 tenerent

334 1105 498 1155 Iufi11'1a3
525 1118 700 1159 namque
721 1106 799 1146 illis
818 1106 1000 1147 custodia
1021 1107 1171 1147 credita
1193 1112 1309 1147 terrae

334 1179 382 1216 Et
402 1190 537 1217 reruni
554 1190 654 1230 quas
676 1183 778 1218 terra
805 1177 930 1228 vehit,
953 1178 1197 1231 pelagusque
1219 1178 1482 1231 profundum.

334 1251 435 1301 Ergo
457 1250 527 1289 tibi
547 1250 782 1303 cunctisque
801 1251 918 1290 bonis
936 1251 1159 1291 servandus
1175 1251 1218 1290 in
1240 1251 1317 1291 ista
1337 1257 1397 1291 est

333 1324 459 1362 Carne
480 1322 640 1362 animus
664 1323 947 1376 propriamque
962 1323 1161 1364 velandus
1186 1323 1368 1376 linquere
1384 1323 1520 1363 sedem
1540 1325 1619 1363 475

333 1394 542 1435 Nobilibus
562 1395 667 1434 curis
683 1395 896 1448 studioque
918 1408 1053 1436 amore
1079 1396 1258 1446 videndi,

333 1467 561 1506 promineat
582 1467 621 1506 ni
644 1465 744 1506 forte
762 1466 868 1507 foras
889 1480 1114 1520 corpusque
1134 1468 1333 1521 relinquat

331 1539 388 1578 Ao
412 1538 526 1590 longe
550 1537 674 1591 fugiat
699 1551 842 1579 sensus
874 1552 995 1592 seque
1014 1540 1169 1592 ingerat
1190 1541 1322 1580 astris.

330 1611 402 1650 Hic
423 1611 535 1651 decet
561 1611 738 1664 egregios
758 1612 930 1663 animos,
951 1612 1015 1652 hio
1031 1612 1162 1653 exitus
1183 1618 1240 1653 est
1265 1625 1385 1666 quem

331 1683 464 1722 Divini
485 1682 611 1723 fecere
636 1684 708 1723 viri
731 1684 896 1725 meliora
927 1690 1158 1737 sequentes,
1539 1688 1617 1726 480

331 1757 409 1796 Sed
430 1757 527 1796 duni
543 1757 725 1797 membra
743 1758 894 1809 vigent,
912 1757 1045 1798 brevis
1067 1763 1125 1798 est
1142 1770 1268 1807 mora,
1292 1758 1450 1810 suscipe
1470 1759 1597 1798 nostri

330 1829 492 1869 Consilii
517 1830 613 1882 quid
640 1842 801 1870 sumnia
819 1831 928 1870 velit.
950 1833 1009 1871 Tu
1029 1843 1138 1871 sacra
1156 1830 1358 1883 iidemque

329 1901 614 1954 justitiamque
635 1902 739 1953 eole3
762 1903 890 1955 pietas
910 1903 961 1942 sit,
976 1903 1147 1954 pectoris
1173 1902 1322 1955 hospes

330 1977 474 2014 Sancta
491 1974 564 2024 tui,
592 1986 834 2026 morumque
857 1986 1015 2024 comos,
1045 1987 1132 2027 quae
1154 1975 1288 2015 debita
1305 1975 1431 2015 virtus

375 2176 452 2207 461.
480 2174 549 2209 Vlla
569 2175 688 2216 legitur
711 2178 837 2206 tantuin
858 2175 890 2207 in
912 2184 972 2206 ms.
993 2176 1030 2214 Α,
1054 2184 1127 2206 vera
1149 2175 1181 2205 in
1203 2174 1287 2206 aliis.

375 2234 452 2264 465.
472 2232 544 2266 Non
563 2234 621 2271 sie,
643 2241 714 2264 care
731 2241 847 2274 nepos,·
870 2233 953 2265 Deus
973 2232 1005 2264 in
1028 2242 1090 2264 ms.
1114 2233 1151 2263 E.
1181 2231 1368 2265 Certissime
1390 2241 1448 2271 pro
1475 2234 1614 2263 natura-

328 2299 388 2331 que
410 2289 521 2321 iuriis.
545 2290 582 2321 Α.

374 2348 450 2377 474.
474 2345 607 2380 Cunctis
627 2347 658 2377 in
681 2348 731 2378 ed.
755 2347 842 2384 Bas„
863 2347 1050 2387 cunctisque
1069 2347 1100 2377 in
1121 2346 1274 2378 omnihus
1295 2355 1355 2377 ms.

374 2404 450 2434 475.
479 2403 631 2435 Vetamur
645 2404 675 2434 iu
696 2405 747 2435 ed.
773 2405 862 2441 Bas.‚
883 2406 1040 2436 velandus
1060 2404 1092 2435 in
1114 2403 1267 2435 omnibus
1286 2412 1346 2434 ms.

374 2461 450 2491 477.
474 2458 574 2492 Foras
591 2461 751 2492 omissum
773 2461 804 2492 in
822 2462 874 2493 ed.
898 2462 970 2492 Bas.

374 2519 449 2549 483.
471 2517 639 2550 Jusritiam
661 2517 692 2549 in
710 2519 762 2550 ed.
788 2518 1116 2560 Bas.‚jus11·tiamque
1137 2519 1169 2550 in
1190 2528 1250 2549 ms.
1272 2519 1309 2556 D,
1328 2519 1363 2556 E,
1385 2518 1418 2549 F.
