1865 2959
841 261 884 269 -
910 240 974 277 29⁴1
1004 261 1048 267 -

309 326 480 368 Nutabat
493 325 653 366 fortuna
675 325 753 375 die,
775 325 864 377 quis
877 326 969 377 jura
985 324 1161 375 supremi
1479 325 1580 365 1035

311 399 467 452 imperii
488 409 775 450 summumque
796 396 981 448 gradum,
1003 395 1092 447 quis
1113 399 1266 447 sceptra
1291 400 1460 436 teneret.

309 471 487 511 Favisset
502 471 535 510 si
555 470 655 511 forte
680 469 831 510 etenim
849 481 933 508 sors
958 467 1100 508 ultima
1122 470 1258 516 Poeno,

308 543 403 591 Quis
423 542 578 582 dubitet
593 541 692 594 quin
708 541 955 582 immensum
977 539 1183 580 dominata
1198 551 1267 591 per
1283 539 1421 580 orbem

310 614 434 666 Impia
448 614 642 666 Carthago
661 625 795 654 rerum
810 612 1010 653 tenuisset
1024 611 1218 660 habenas,

309 687 616 738 Romanumque
635 685 737 724 nihil
758 684 858 724 foret
875 683 1010 724 hocin
1030 686 1210 734 tempore
1228 686 1407 723 nomen?
1481 686 1585 724 1040

313 756 406 797 [tala
422 756 637 797 barbaricis
658 756 774 797 tellus
790 756 960 797 lacerata
980 754 1131 795 colonis

311 829 502 869 Mutasset
517 840 642 880 genus
662 828 881 880 egregium,
899 828 1106 879 majorque
1125 824 1267 866 fuisset

311 899 465 950 Africa3
488 901 520 940 si
541 901 670 953 potuit
690 912 840 940 nomen
864 899 937 940 sibi
957 899 1106 939 Graecia
1129 898 1294 938 inermis

311 972 553 1025 Imposuisse
575 984 708 1023 suum,
730 976 879 1024 quanto
899 971 1026 1023 inagis
1050 970 1181 1011 Africa
1201 969 1344 1010 victrix
1362 971 1371 1008 1

313 1044 390 1084 Sed
407 1043 595 1084 miserata
617 1043 704 1096 pios
729 1043 864 1084 divina
878 1043 1058 1096 potentia
1077 1042 1195 1082 nobis
1486 1043 1590 1081 1045

313 1115 528 1165 Succurrit,
556 1115 756 1168 talemque
774 1115 906 1155 virum
921 1114 1125 1167 pejoribus
1144 1114 1260 1154 annis

314 1186 434 1226 Italia}
458 1187 567 1227 dedit
588 1186 757 1237 afflictae,
783 1186 852 1239 qui
872 1185 989 1226 fortia
1007 1185 1112 1226 bella

314 1258 467 1298 Fortior
483 1258 695 1311 exciperet,
718 1259 785 1311 qui
805 1270 887 1299 non
905 1257 1119 1310 praesentia
1135 1262 1294 1298 tantum

315 1329 393 1369 Sed
412 1334 580 1370 ventura
604 1330 725 1370 etiam
752 1330 985 1370 discrimina
1004 1328 1169 1381 pelleret
1192 1341 1319 1377 uuus;

315 1401 580 1453 Temporibus
597 1402 659 1442 cui
680 1406 766 1442 tuta
785 1401 907 1441 nimis
927 1401 1067 1441 innixa
1086 1405 1269 1441 maneret
1490 1403 1592 1440 1050

318 1475 364 1512 Et
384 1473 445 1513 cui
462 1472 624 1514 libertas
644 1474 840 1514 servanda
856 1473 1118 1526 sequentibus
1138 1473 1270 1513 annis.

316 1546 405 1584 Jam
427 1545 558 1585 media
576 1545 634 1585 sol
662 1545 791 1585 almus
816 1558 939 1598 equos
958 1545 1120 1597 regione
1139 1545 1325 1586 trahebat

318 1616 520 1667 AEtherea,
543 1622 581 1657 et
598 1622 730 1658 tantas
750 1617 953 1669 spectabat
976 1617 1140 1657 territus
1170 1617 1274 1666 iras;

315 1689 485 1741 Impiger
504 1693 542 1729 et
562 1689 671 1729 nullo
695 1688 875 1730 defessus
893 1689 1075 1729 membra
1091 1688 1226 1728 labore

316 1762 404 1800 Non
424 1765 538 1812 aestu,
559 1773 641 1801 non
657 1761 908 1811 vulneribus,
930 1773 1013 1801 non
1031 1760 1138 1801 nube
1158 1759 1325 1800 calentis
1491 1762 1594 1801 1055

318 1832 510 1883 Pulveris,
533 1837 731 1873 extremas
749 1833 937 1873 manibus
958 1837 1114 1872 tentare
1133 1831 1328 1884 procellas

319 1903 446 1956 Scipio
466 1904 670 1955 tendebat,
693 1917 844 1945 cuneus
865 1917 942 1957 quo
962 1904 1123 1945 densior
1140 1903 1256 1944 illum

321 1977 369 2015 Et
389 1975 502 2016 ducis
521 1976 676 2016 adversi
692 1975 813 2016 facies
832 1981 965 2028 optata
980 1976 1161 2017 vocabat.

321 2048 377 2086 Ac
396 2047 506 2087 velut
526 2047 673 2087 AEtnsei
699 2048 948 2088 descendens
969 2049 1116 2089 vertice
1137 2053 1268 2090 vastat

320 2117 500 2159 Flamma
517 2119 722 2160 cavernosi
745 2131 922 2160 convexa
937 2121 1151 2161 trementia
1170 2120 1337 2171 montis,
1490 2123 1592 2162 1000

323 2191 372 2229 Et
390 2191 570 2242 scopulos
590 2191 671 2231 ruit
691 2191 894 2232 obstantes
912 2191 1151 2245 arbustaque
1170 2191 1319 2244 frangit

325 2260 462 2310 Obvia,
486 2262 713 2314 sulphureae
732 2263 900 2304 reboant
922 2264 1042 2304 simul
1062 2264 1239 2317 undique
1257 2263 1381 2304 valles
1399 2278 1407 2313 ;

372 2406 471 2437 1040.
491 2405 565 2438 Hoec
584 2407 618 2438 in
638 2408 783 2449 tempora
803 2407 834 2439 in
855 2409 907 2440 ed.
925 2409 1014 2447 Bas„
1036 2409 1095 2441 hoc
1114 2409 1149 2441 in
1170 2411 1313 2451 tempore
1334 2409 1364 2440 in
1386 2417 1446 2439 ms.
1463 2408 1501 2438 Α.

373 2465 468 2493 1050.
491 2463 566 2495 Suis
585 2464 617 2495 in
638 2465 690 2496 ed.
712 2465 803 2505 Bas.⁹
824 2466 922 2497 nimis
939 2466 971 2497 in
999 2476 1060 2497 ms.
1078 2467 1114 2497 A.

373 2521 471 2552 1059.
493 2521 550 2552 Hic
569 2530 685 2554 versus
704 2525 776 2562 post
791 2524 876 2554 1060
894 2522 1014 2561 legitur
1031 2523 1063 2554 in
1084 2523 1135 2555 ed.
1158 2523 1230 2554 Bas.
