1865 2959
781 226 966 260 -43-

239 317 361 377 penti
384 315 467 359 sul]
489 326 599 370 rupo
619 311 782 355 obtrito
809 308 1052 352 confertur.
1080 306 1190 349 Raro
1218 303 1445 347 variantur
1469 301 1513 344 in

238 390 514 438 modulando
542 388 734 437 numeri,
764 386 1018 441 frustraque
1039 383 1119 425 lias
1141 380 1383 424 incisiones
1405 378 1514 421 sim—

241 472 467 530 plicesque
495 466 737 511 verborum
766 461 1171 510 conformationes,
1203 471 1303 515 quae
1332 456 1516 513 Virgilio

242 548 442 607 placent,
476 542 772 592 desiderabis;
800 554 849 583 ac
883 539 975 582 fere
1003 537 1123 580 dicas
1147 534 1403 579 Arretinum
1441 546 1516 576 va-

243 631 335 670 tem
356 623 503 682 potius
527 623 702 664 Lucano
725 622 769 662 ct
794 617 931 661 Statio
959 628 1094 672 quam
1120 612 1289 656 Maroni
1316 623 1414 655 esse
1434 609 1512 653 do-

244 702 403 745 ditum.
422 701 531 743 Rara
551 701 761 742 caeterum
779 696 874 739 loca
895 692 1105 741 subcunt,
1127 691 1173 733 in
1194 688 1358 746 quibus
1380 688 1516 731 Maro—

245 793 350 823 nem
375 777 521 836 palam
548 774 724 831 assequi
747 771 938 817 videtur.
971 769 1151 825 Aliquas
1174 780 1227 811 ex
1258 779 1309 809 eo
1342 763 1518 808 dicendi

244 858 410 901 formas
432 853 673 911 excerpsit,
705 864 806 908 quae
827 847 1069 893 verborum
1092 842 1390 903 quorumdam
1422 854 1518 885 me-

243 946 417 977 morem
452 931 600 989 potius
626 931 865 978 testantur,
903 938 1038 983 quam
1065 922 1309 980 Virgiliano
1341 919 1521 978 ingenio

244 1010 484 1055 imbutum.

304 1089 479 1132 Poterat
504 1083 705 1143 quidem,
733 1081 950 1126 Lucretiae
970 1081 1164 1122 mortem
1185 1075 1400 1127 referens,
1421 1087 1524 1117 cum

246 1178 410 1222 magno
428 1166 558 1221 poeta
581 1159 871 1209 contendere,
897 1156 1053 1202 Ovidio
1077 1154 1257 1205 scilicet,
1283 1152 1359 1210 qui
1385 1152 1430 1194 in
1452 1165 1523 1194 se-

248 1241 395 1286 cundo
418 1243 650 1283 Fastorum]
671 1237 801 1287 libro,
833 1235 954 1278 hunc
976 1246 1145 1284 casum,
1176 1229 1355 1288 longius
1375 1232 1524 1272 autem

250 1318 497 1370 Petrarcha,
519 1316 743 1359 fabulatus
761 1316 868 1356 erat.
888 1312 968 1363 Qui
987 1310 1108 1354 enim
1121 1308 1279 1353 Gabias
1297 1307 1521 1356 obsessas,

250 1400 436 1442 Brutum
463 1399 591 1439 terra}
623 1396 836 1449 tanquam
867 1388 998 1432 matri
1020 1387 1314 1436 osculantem,
1348 1383 1524 1428 Collati-

250 1489 361 1518 num
389 1478 432 1517 ct
452 1474 635 1517 Sextum
657 1468 951 1526 Tarquinium
972 1464 1223 1510 Lucretiam
1244 1462 1392 1506 subito
1417 1460 1528 1504 invi-

250 1558 416 1603 sentes,
450 1551 576 1608 plura
604 1548 798 1604 denique
829 1559 921 1589 non
953 1544 1051 1588 sine
1080 1543 1262 1586 flamma
1289 1543 1333 1584 et
1361 1538 1528 1583 salibus

250 1630 432 1674 orditur.
474 1628 579 1678 Quae
612 1624 810 1683 neglexit
849 1624 909 1666 ita
946 1620 1183 1665 Petrarcha
1216 1622 1264 1662 ut
1298 1616 1527 1662 neminem

251 1709 382 1753 etiam
423 1705 607 1750 nomine
651 1703 884 1760 designet;
932 1699 1106 1743 Livium
1144 1695 1308 1740 imitari
1344 1693 1526 1744 maluit,

253 1784 462 1829 Ovidium
482 1787 633 1826 tamen
663 1793 841 1838 semper
864 1777 1000 1821 hahet
1021 1780 1124 1820 ante
1144 1774 1313 1824 oculos,
1340 1785 1396 1815 ne
1417 1771 1531 1815 forte

255 1862 475 1912 imitetur;
507 1859 576 1903 cui
597 1862 747 1902 autem
770 1869 889 1913 saepe
916 1855 1084 1898 invitus
1107 1853 1250 1910 impar
1274 1854 1364 1902 est,
1390 1861 1531 1906 quum

255 1940 371 1983 inter
398 1951 445 1981 se
476 1939 647 1981 certant
672 1938 772 1979 uter
798 1932 960 1976 melius
992 1929 1192 1988 vestigiis
1228 1927 1337 1972 Livii
1373 1926 1430 1970 sit
1461 1925 1530 1969 in-

256 2029 509 2075 gressurus.

316 2094 476 2137 Totum
510 2091 705 2148 denique
738 2088 946 2148 pedestre
973 2084 1151 2129 dicendi
1177 2096 1320 2142 genus
1353 2086 1448 2132 est,
1487 2080 1533 2123 in

256 2169 480 2215 narrando
499 2167 736 2227 imprimis.
763 2164 965 2210 Sermoni
984 2162 1214 2222 propiores
1236 2163 1342 2204 sunt
1361 2172 1531 2209 versus,

258 2254 301 2293 et
344 2261 610 2307 persuasum
646 2249 799 2289 tamen
847 2242 1006 2286 habuit
1047 2244 1201 2284 auctor
1250 2251 1349 2282 sese
1391 2240 1537 2280 totum

257 2340 418 2385 poema
437 2325 610 2383 poetico
638 2323 786 2366 colore
812 2320 1031 2370 induisse,
1066 2317 1141 2375 qui
1173 2315 1340 2374 passim
1371 2318 1447 2357 aut
1470 2313 1538 2357 vi—

259 2418 360 2448 rum
382 2404 627 2446 luctantem
646 2399 766 2444 leoni
790 2398 958 2442 furioso
981 2400 1056 2439 aut
1079 2399 1263 2453 gentem
1284 2393 1447 2436 victam
1469 2390 1538 2433 di-

262 2486 398 2539 reptae
431 2480 501 2523 ovi
535 2477 795 2527 contulerit;
836 2488 981 2532 neque
1015 2473 1209 2516 multum
1238 2470 1369 2515 variis
1399 2468 1538 2512 utitur
