1865 2959
688 445 1038 490 APPENDIX
1085 446 1168 489 IV.

297 629 330 668 C.
360 627 563 668 SALUTATI
587 627 642 667 AD
665 627 976 667 FRANCISCOLUM
1002 623 1081 670 (DE
1106 624 1329 670 BROSSANO)
1356 626 1562 666 EPISTULA.

385 710 422 751 (E
442 709 513 741 Lini
532 709 661 742 Collutii
681 708 784 750 Pyerii
809 708 944 741 Salutati
963 708 1108 749 epistolis
1128 718 1146 740 a
1164 708 1192 740 J.
1216 708 1344 750 Rigacci
1363 709 1481 747 editis;

509 765 690 803 Florentiae,
709 766 808 798 1742.
830 783 873 789 —
893 766 969 797 Pars
991 766 1146 804 secunda,
1167 775 1199 806 p.
1221 765 1356 806 79-88.)

353 1064 473 1106 Venit
504 1066 684 1115 tandem,
713 1070 755 1105 ut
782 1077 804 1105 a
828 1065 906 1105 tuis
925 1065 1082 1115 littoris,
1111 1065 1232 1106 frater
1253 1067 1418 1119 optime,
1438 1066 1571 1118 auspi-

301 1138 407 1178 cium
426 1137 581 1187 faciam,
608 1137 717 1177 venit
737 1137 899 1177 tandem
922 1136 1052 1176 Africa
1072 1136 1212 1187 dulcis,
1235 1142 1272 1177 et
1289 1138 1383 1177 vicit
1402 1138 1477 1178 iter
1503 1138 1573 1178 du-

303 1221 390 1248 rum
418 1209 557 1260 pietas,
580 1213 623 1248 ut
654 1208 718 1248 ille
746 1208 852 1248 idem
870 1213 978 1248 vates
998 1208 1052 1248 ait
1071 1222 1080 1258 ;
1103 1209 1211 1249 venit
1238 1209 1425 1260 tandem,
1448 1215 1486 1250 et
1504 1222 1575 1262 per

302 1280 581 1321 fidelissimum
625 1279 882 1331 nobilemque
921 1279 1076 1320 meritis
1128 1285 1165 1320 et
1210 1281 1402 1333 sanguiue
1442 1281 1573 1321 virum

304 1351 403 1391 mihi
435 1356 712 1403 praesentatam
752 1351 816 1401 (1),
857 1356 895 1391 et
929 1351 1043 1391 avide
1083 1356 1122 1391 et
1160 1357 1388 1392 reverenter
1428 1352 1573 1404 accepi,

306 1423 450 1475 vixque
470 1435 548 1475 prae
568 1424 709 1475 gaudio
730 1423 909 1464 continui
933 1423 1143 1475 lacrymas.
1173 1423 1250 1462 Sed
1277 1423 1433 1474 “iamdiu
1458 1435 1576 1475 expe·

304 1494 464 1543 rientia,
490 1495 707 1546 multisque
742 1507 873 1535 rerum
905 1495 1151 1547 argumentis
1176 1494 1334 1544 edidici,
1368 1507 1575 1548 uunquam

305 1570 385 1604 tam
407 1565 495 1605 laeta
513 1566 738 1617 provenire⁷
774 1566 871 1619 quin
891 1566 1073 1606 tristibus
1102 1577 1183 1605 non
1204 1572 1476 1617 aspergantur.
1500 1568 1579 1606 Nee

305 1636 475 1686 mirum3
496 1636 695 1689 prodeunt
717 1637 953 1689 gratissimas
972 1649 1086 1687 rosaz,
1109 1637 1179 1677 sed
1194 1637 1355 1677 nonnisi
1376 1637 1480 1677 inter
1498 1638 1579 1689 spi-

306 1719 449 1747 narum
472 1707 629 1748 aculeos
649 1708 904 1760 colliguntur.
939 1708 1052 1749 Mella
1085 1709 1172 1760 ipsa
1197 1708 1456 1761 cuspidiferas
1486 1720 1580 1760 apes

306 1778 456 1819 habent
474 1784 638 1829 matreS,
674 1780 735 1820 vel
764 1780 904 1820 saltem
935 1779 1136 1820 naturales
1163 1780 1346 1820 artifices.
1379 1780 1456 1821 Sed
1485 1780 1581 1832 quid

307 1850 497 1890 mororin
523 1862 565 1890 re
591 1850 810 1891 clarissima
826 1852 845 1891 ἶ)
865 1851 967 1900 Quid
995 1851 1108 1891 dabis
1128 1851 1234 1891 inter
1258 1851 1452 1898 humana,
1474 1852 1581 1904 quod

306 1934 410 1973 pene
431 1933 512 1962 non
535 1923 786 1963 tantumdem
811 1923 946 1963 afferat
968 1923 1149 1963 moeroris
1169 1935 1288 1975 quam
1311 1923 1487 1964 laetitiae?
1518 1924 1581 1963 Sic

354 2047 400 2088 (1)
419 2048 586 2080 Nicolaum
602 2048 737 2088 Niccoli,
758 2049 872 2090 primae
892 2049 1096 2082 bibliothecae
1110 2049 1248 2090 publicae
1263 2049 1454 2082 Florentinae
1468 2049 1581 2081 condi-

310 2108 410 2138 torem
431 2106 582 2148 designat
600 2107 725 2140 Mehus.
747 2108 784 2139 Et
803 2116 916 2139 revera
935 2107 967 2138 in
988 2116 1052 2139 uno
1076 2106 1188 2139 codice
1211 2107 1417 2139 bibliothecae
1437 2108 1584 2138 Lauren-

311 2163 409 2196 tianae
429 2163 542 2204 (Plut.,
562 2171 620 2202 Lu,
642 2171 678 2195 n)
698 2165 730 2204 3)
754 2167 883 2196 exstant
901 2164 1060 2196 Leonardi
1080 2164 1204 2196 Aretini
1228 2165 1267 2196 ad
1288 2165 1419 2196 Petrum
1438 2163 1582 2195 Histrum

311 2220 492 2263 (Vei-gerlo)
511 2221 585 2253 libri
610 2230 646 2254 11.
677 2222 711 2254 In
732 2223 876 2255 secundo
902 2222 984 2254 libro
1012 2225 1125 2254 auctor
1143 2232 1182 2254 ea
1200 2223 1385 2262 loquentem
1406 2222 1442 2253 N.
1466 2222 1586 2253 Niccoli

311 2280 455 2311 inducit:
478 2278 685 2311 Franciscum
707 2289 768 2322 ego
792 2281 998 2312 Petrai-cham
1019 2280 1099 2312 tanti
1119 2289 1250 2321 sempor
1269 2280 1344 2316 feci.
1372 2283 1407 2311 ut
1426 2289 1531 2319 usque
1552 2280 1584 2310 in

313 2336 478 2368 Patavium
500 2336 662 2376 profectus
682 2347 774 2375 sum,
799 2341 834 2369 ut
857 2346 897 2369 ex
919 2336 1048 2377 proprio
1069 2336 1248 2377 exemplaii
1267 2336 1366 2368 libros
1385 2345 1461 2368 suos
1479 2339 1586 2367 trans-

312 2394 484 2426 criberem.
501 2395 567 2436 Ego
581 2395 668 2426 enim
682 2395 808 2436 primus
823 2395 968 2427 omnium
987 2394 1126 2426 Africam
1142 2395 1231 2426 illam
1251 2395 1314 2426 huc
1329 2394 1450 2426 adduxi
1471 2405 1478 2430 ς
1494 2394 1586 2434 eujus

314 2453 443 2492 quidem
468 2452 513 2483 rei
534 2452 593 2483 iste
612 2452 771 2484 Collutius
791 2453 881 2486 testis
900 2457 961 2483 est.
