1865 2959
825 248 870 255 -—
895 228 965 264 234
995 250 1037 255 —-

290 314 493 366 Sanguine
514 314 782 366 pinguescunt
801 313 912 354 Italo.
935 314 1042 355 Satis
1062 315 1195 367 ampla
1215 315 1345 356 relatu
1502 317 1581 356 550

289 386 513 436 Gessiums,
535 385 728 426 Ausoniis
750 385 963 427 annalibus
985 387 1186 427 Hannibal
1207 387 1350 439 ingens

288 460 442 499 Nomen
459 458 532 497 erit
558 457 679 498 Latiis
705 469 916 510 nunquam
943 458 1113 499 delebile
1134 458 1262 499 fastis.

289 529 490 571 Hannibal
515 530 658 582 exiguo
681 530 858 570 restabat
881 542 1042 570 summa
1067 530 1205 571 labore

289 605 425 652 Fama,
449 603 517 642 sed
540 602 686 642 invidit
706 602 843 654 patria}
865 602 946 642 dux
965 603 1169 643 maximus
1188 605 1331 644 Hanno
1353 616 1363 644 ε

290 675 471 715 invidere
491 674 560 715 Dei
588 679 740 715 sontes.
767 690 784 712 υ
813 674 877 715 Sic
898 675 1024 714 tristis
1044 674 1178 715 abibat
1502 677 1580 715 555

287 746 504 798 Hannibal,
530 751 568 787 et
588 751 729 799 quarto
753 746 963 799 linquebat
979 746 1113 786 littora
1131 746 1257 786 lustro

287 818 407 859 ltalise
424 830 611 872 possessa
632 830 812 871 gemens,
839 830 913 859 nec
937 818 1087 858 tristior
1107 830 1285 871 unquam

287 891 358 932 Vel
375 891 545 944 patriam
566 890 782 943 quisquam
801 889 863 930 vel
884 889 1021 930 dulces
1044 890 1161 943 liquit
1180 890 1345 940 amicos,

286 965 414 1013 Quam
434 963 605 1016 patriam
628 963 725 1016 petit
743 962 809 1002 ille
832 974 973 1012 suam3
998 962 1072 1002 sibi
1101 975 1247 1015 nempe
1267 963 1393 1004 videri

287 1035 411 1076 Exsul
429 1035 477 1076 ab
495 1035 630 1075 hostili
648 1037 788 1087 jussus
814 1035 976 1088 regione
1003 1035 1151 1075 reverti
1503 1038 1581 1076 560

288 1108 479 1155 Mmstior.
500 1109 581 1147 Has
601 1107 706 1148 inter
726 1119 841 1147 curas
864 1119 1054 1160 serasque
1073 1106 1258 1160 querelas

289 1179 548 1220 Subtrahitur
570 1179 723 1220 sensim
744 1179 875 1220 terris.
897 1181 1071 1232 Jamque
1097 1191 1256 1231 {equore
1281 1191 1421 1220 currus

289 1252 463 1293 Phoebus
483 1251 722 1292 anhelantes
742 1252 902 1292 rediens
923 1251 1119 1292 condebat
1147 1250 1282 1301 lber03

289 1325 384 1364 lude
406 1324 479 1364 vite
501 1324 692 1376 spatium,
716 1335 877 1376 noxque
898 1323 1033 1363 addita
1052 1323 1198 1363 littoris
1217 1335 1380 1364 omnem

286 1395 463 1437 Abstulit
482 1401 706 1448 aspectum.
727 1397 832 1435 Tum
854 1396 936 1435 dux
969 1407 1163 1435 concussa
1186 1395 1311 1447 quieti
1501 1397 1579 1435 5655

287 1468 466 1509 Membra
486 1468 596 1508 dedit
618 1467 764 1518 dubiae,
788 1472 1019 1520 certamque
1040 1467 1233 1507 obversus
1256 1468 1306 1507 ad
1326 1469 1476 1508 Arcton

287 1540 433 1581 Classis
453 1552 574 1592 agens
595 1552 709 1581 curas
731 1545 769 1580 et
788 1540 919 1580 sidera
941 1545 1036 1580 nota
1057 1540 1248 1592 magister

289 1613 482 1654 Sollicitat
509 1618 653 1653 nautas
674 1613 821 1665 quibus
852 1618 910 1653 est
936 1612 1117 1653 custodia
1139 1611 1285 1665 puppis

289 1685 483 1737 Magnetis
504 1684 676 1738 ferrique
702 1685 785 1725 vias
804 1690 982 1737 spectare
1003 1684 1184 1737 sequacis

288 1760 336 1798 Et
357 1757 478 1798 simul
503 1758 734 1798 insomnem
758 1758 890 1798 studio
921 1758 1130 1798 traducere
1159 1762 1334 1797 noctem.
1502 1759 1580 1796 570

288 1831 437 1871 Littera
456 1830 695 1883 classifragis
717 1830 909 1882 linquunt
931 1830 1084 1870 famosa
1109 1829 1308 1882 procellis⁷

287 1905 418 1956 Atque
438 1903 565 1943 altum
585 1902 766 1942 tenuisse
787 1903 928 1954 juvat3
950 1907 1040 1942 tum
1059 1901 1183 1942 lintea
1203 1913 1371 1954 prosper

288 1978 379 2016 Fert
399 1976 531 2028 aquilo
554 1981 594 2016 et
614 1975 710 2015 flatu
730 1974 841 2027 pellit
863 1975 1038 2015 distenta
1062 1974 1253 2015 secundo.

291 2047 463 2087 Vixdum
484 2046 650 2100 pulchra
671 2047 756 2086 dies
777 2046 915 2099 pelago
942 2046 1130 2099 surgebat
1150 2051 1189 2086 et
1210 2051 1316 2086 astra

290 2119 475 2171 Undique
496 2119 673 2159 vicinum
693 2117 899 2170 fugiebant
920 2118 1109 2171 languida
1137 2118 1277 2168 solem,

289 2193 389 2232 Cum
410 2191 550 2231 dextra
572 2190 713 2231 ltalicae
733 2191 971 2231 transmisso
991 2191 1131 2244 pollice
1157 2190 1303 2243 plantas

287 2264 362 2304 Hic
382 2263 449 2304 ubi
470 2275 588 2304 rauca
609 2268 745 2304 vetant
764 2263 910 2304 iterum
931 2275 1168 2304 concurrere
1189 2263 1310 2304 eolles

290 2338 468 2390 AEquora
486 2335 687 2387 disjectos,
709 2335 846 2388 procul
868 2336 1054 2376 exaudita
1079 2347 1271 2388 pavorem

291 2408 422 2462 Scylla
437 2419 559 2461 rapax
585 2407 735 2459 nautis,
755 2413 875 2461 atque
897 2407 1113 2461 irrequieta
1142 2407 1365 2461 Charybdis

1500 2121 1523 2158 ve

1527 2121 1577 2159 δὲ

336 2525 410 2557 563.
439 2523 603 2559 Tendebat
626 2524 657 2556 in
682 2525 736 2556 ed.
752 2525 841 2564 Bas.,
863 2524 1017 2557 condebat
1040 2525 1073 2556 iu
1089 2523 1241 2557 omnibus
1261 2533 1324 2556 ms.
