1865 2959
771 271 816 277 -
841 251 886 286 15
914 271 955 276 -

227 336 410 379 allatum
441 335 524 379 sibi
559 334 880 378 detrimentum
904 336 1125 385 ostentat,
1156 337 1371 391 rogatque
1400 334 1493 376 ins-

231 413 393 456 tantius
414 416 462 455 ut
483 426 682 456 amorem
713 425 845 454 suum
866 410 1121 468 reipublicre
1154 410 1366 454 remittat.
1392 411 1494 453 Sor-

229 493 318 533 tem
349 489 547 546 iniquam
583 503 674 532 non
714 489 810 532 sine
836 488 1016 546 planctu
1055 491 1098 530 et
1133 487 1265 530 irritis
1302 486 1494 544 querelis

225 567 380 624 accipit
418 580 522 618 rex,
558 579 745 609 uxorem
780 564 986 609 videlicet
1021 564 1122 607 fatis
1157 563 1356 608 adversis
1392 577 1494 621 per-

225 643 460 687 missurus.
482 643 683 686 Interibit
705 643 839 700 igitur
859 640 1153 700 Sophonisba,
1176 654 1491 699 venenumque

225 735 330 764 mox
357 720 580 778 impavida
606 721 795 764 hauriet.

281 798 353 842 VI.
392 825 447 831 —
482 799 542 841 De
574 798 726 856 regina
768 801 944 841 mortua
978 797 1032 841 lis
1063 801 1130 841 est
1172 797 1288 841 inter
1318 796 1491 855 judices

223 875 484 927 inferorum,
511 876 702 919 Minoem
722 880 765 919 et
785 877 966 919 AEacum
986 891 996 927 ;
1028 889 1168 932 quum
1190 875 1301 918 alter
1328 875 1493 919 scilicet

220 966 403 1012 poenam
436 958 460 996 a
491 957 633 997 morte
668 953 918 997 voluntaria
957 966 1150 1005 sumere,
1192 952 1303 995 alter
1339 966 1491 996 amore

219 1030 470 1089 absumptae
490 1044 670 1089 parcere
684 1031 791 1076 velit
803 1047 813 1083 ;
836 1031 971 1089 hujus
991 1031 1128 1075 vincit
1149 1030 1291 1074 lenior
1307 1034 1489 1074 senten-

219 1109 291 1152 tia.
315 1108 562 1161 Interdum,
587 1109 704 1153 curis
731 1109 921 1162 solutus,
948 1109 1090 1167 Scipio
1114 1109 1279 1153 milites
1301 1121 1487 1166 congre-

217 1190 291 1243 gat
317 1186 662 1244 alloquiturque,
694 1200 935 1230 concussos
971 1190 1014 1230 et
1049 1199 1163 1244 pene
1195 1186 1357 1229 fractos
1380 1185 1487 1229 hos-

218 1267 299 1315 tes,
338 1277 500 1321 magna
527 1264 768 1322 spirantem
806 1265 1008 1316 Romam,
1042 1263 1354 1320 secundosque
1380 1262 1488 1306 deos

217 1340 493 1393 ostendens;
542 1345 586 1384 et
621 1341 731 1384 dum
770 1342 965 1399 Syphax,
1009 1355 1033 1384 a
1069 1341 1202 1384 Laelio
1244 1341 1289 1383 in
1325 1353 1487 1384 navem

215 1418 450 1470 adductus,
481 1433 742 1476 supremum
769 1419 867 1463 vale
895 1418 1169 1477 fugientibus
1192 1418 1344 1476 patriae
1370 1417 1486 1460 litto-

215 1495 338 1538 ribus
360 1495 552 1547 exhalat,
578 1500 718 1539 castra
749 1496 883 1540 vallat
911 1500 954 1540 et
975 1495 1287 1553 Carthaginem
1322 1508 1486 1538 corona

213 1573 488 1618 circumdare
518 1574 672 1632 incipit
703 1574 951 1617 Africanus.
976 1575 1162 1631 Jamque
1189 1572 1367 1631 plebem
1394 1586 1484 1616 me-

213 1654 284 1695 tus
300 1651 459 1709 ingens
478 1651 687 1703 incessit;
719 1652 956 1696 confestim
977 1652 1219 1694 mittuntur
1238 1650 1387 1708 legati,
1411 1650 1482 1692 alii

211 1729 257 1772 in
274 1729 460 1781 Italiam,
483 1730 558 1787 qui
584 1730 855 1773 Annibalem
886 1730 1040 1788 patriae
1060 1729 1228 1772 labanti
1251 1728 1483 1771 auxiliatu-

210 1820 312 1850 rum
332 1806 562 1859 reducant,
585 1807 658 1850 alii
678 1807 735 1851 ad
758 1808 1026 1866 Scipionem,
1051 1807 1126 1864 qui
1146 1806 1306 1850 ducem
1327 1807 1482 1850 Roma-

209 1896 321 1927 num
337 1897 451 1928 vana
469 1899 547 1943 spe
566 1885 686 1943 pacis
708 1885 982 1929 contineant.
1008 1885 1180 1928 Horum
1192 1883 1375 1941 quidem
1399 1884 1479 1926 fle-

208 1960 372 2006 bilibus
390 1962 540 2006 verbis
567 1962 812 2021 respondet
830 1963 973 2021 Scipio
997 1979 1004 2005 :

346 2088 427 2124 Non
447 2088 547 2135 pacis
566 2090 741 2125 tractator
761 2099 845 2136 eg0,
863 2088 928 2125 sed
947 2088 1065 2124 victor
1084 2091 1120 2124 et
1137 2088 1237 2124 ultor

346 2147 437 2184 Sum
457 2149 699 2186 scelerum...

205 2278 249 2319 et
268 2272 403 2320 duras
423 2274 705 2322 conditiones
721 2276 905 2322 tertium
925 2279 1030 2321 ante
1054 2274 1174 2320 diem
1194 2274 1474 2335 accipiendas

202 2354 426 2411 proponit.

260 2430 432 2475 Interea
482 2432 689 2485 Annibal,
735 2446 922 2476 suorum
967 2431 1173 2491 precibus
1220 2432 1378 2483 victus,
1419 2431 1470 2474 ad

199 2507 323 2552 littus
346 2508 532 2554 africum
559 2510 685 2568 quasi
707 2510 875 2555 invitus
908 2510 1221 2557 contendebat,
1254 2513 1297 2553 et
1322 2522 1474 2553 secum
