1917 2959
144 324 247 348 Invocat
259 321 400 346 Christum.

141 794 278 819 Promissio
291 795 403 819 nuum-is

195 849 270 873 quam
289 840 348 864 savit

181 887 211 910 ad
229 886 368 911 Christum-

148 1380 211 1406 Tres
224 1386 283 1405 sunt
296 1385 396 1406 montes

211 1425 307 1451 Siciliae
321 1434 327 1450 :

194 1470 333 1501 Pac-binus,

194 1515 331 1548 Lilybaeus,

196 1561 308 1586 Pelorus-

836 248 880 253 —
906 228 974 262 393
1003 246 1043 252 —

453 314 588 346 Reddite
611 323 666 345 vos
686 313 826 345 animos.
847 314 974 353 Tuque,
995 321 1013 344 o
1033 312 1213 344 certissima
1233 311 1346 342 mundi

453 395 466 416 i.
479 394 541 416 salus
554 396 686 416 sanctorum
700 396 723 415 et
736 393 882 421 angelornm.
1192 398 1209 413 s.
1223 390 1352 419 gemilium.

451 432 544 471 Spes,
564 432 789 470 superumque
808 430 923 467 decus,
934 438 1032 469 quem
1046 428 1166 460 saecula
1180 430 1289 459 nostra
1300 428 1434 459 deorum

452 547 609 579 Victorem
620 548 716 586 atque
725 545 844 578 Herebi
858 547 1052 582 memorant,
1068 553 1165 585 quem
1179 544 1279 584 quina
1288 545 1437 576 videmus

453 665 553 704 Larga
574 672 631 703 per
651 663 826 694 innocuum
845 664 1046 704 retegentem
1064 663 1198 692 vulnera
1215 671 1348 702 eorpus,

1003 711 1019 732 i.
1035 711 1063 732 nd
1080 715 1144 744 ruum
1161 712 1271 733 honorem
1287 712 1322 733 vol
1333 711 1361 733 ad
1372 715 1437 734 tuum

1035 742 1162 762 servitium.

451 779 614 812 Auxilium
634 779 694 816 fer=
712 788 839 811 summe
854 788 983 819 parens.
997 778 1066 809 Tibi
1084 779 1186 810 multa
1210 781 1372 810 ,evertens

449 861 464 882 i.
479 860 556 887 aliquo
570 859 696 888 asperrimo
708 859 809 880 heremo.

450 897 576 928 Vertice
596 896 747 927 Parnassi
767 895 905 927 reseram
923 895 976 935 pia
998 895 1161 933 carmina3
1183 896 1210 926 si
1231 899 1262 927 te

450 1014 599 1046 Carmina
616 1015 794 1051 delectant,
810 1013 860 1044 vel
882 1013 910 1044 si
930 1012 1039 1044 miuus
1058 1012 1113 1043 illa
1131 1013 1320 1052 placebunt,

686 1100 703 1115 s.
721 1094 827 1115 referam.

449 1133 541 1163 Forte
563 1130 662 1163 etiam
681 1131 855 1172 lacrymas,
873 1139 953 1170 quas
967 1129 1029 1170 (sie
1051 1139 1144 1161 mens
1162 1129 1296 1171 fallitur)
1315 1131 1393 1161 olim

1169 1212 1192 1232 et
1207 1213 1283 1231 tamen
1296 1210 1356 1232 male
1370 1210 1434 1232 facio.

450 1249 647 1280 Fundendas
668 1249 766 1289 longo
786 1248 923 1279 demens
943 1247 1000 1278 tibi
1024 1250 1171 1288 tempore
1191 1256 1297 1279 servo.

449 1367 491 1397 Te
513 1374 654 1406 quoque,
676 1364 835 1396 Trinacrii
855 1364 1042 1396 moderator
1062 1364 1201 1395 maxime
1221 1364 1328 1405 regni,

452 1483 680 1524 Hesperiaeque
696 1482 797 1513 decus
813 1484 912 1521 atque
931 1480 991 1513 aevi
1011 1480 1115 1522 gloria
1132 1481 1245 1517 nostri,

449 1564 476 1585 de
489 1563 636 1585 coronatione
650 1568 701 1584 mea

449 1601 560 1633 Judice
576 1609 639 1640 quo
656 1599 762 1632 merui
777 1601 951 1639 vatumque
971 1599 1002 1630 in
1025 1599 1103 1630 sede
1123 1599 1251 1636 sedere,

449 1718 646 1757 optatasque
663 1716 718 1749 diu
737 1717 860 1754 lauros.
882 1715 1078 1756 titulumque
1095 1717 1212 1755 poetae,

446 1837 489 1868 Te
510 1844 626 1876 precor
646 1834 791 1866 oblatum
811 1833 987 1873 tranquillo
1008 1835 1140 1873 pectore
1161 1842 1281 1864 munus

445 1916 529 1938 favore.

446 1952 592 1993 Hospitio
613 1951 751 1993 dignare
772 1952 826 1982 tuo
849 1961 859 1988 ς
882 1958 956 1981 nam
975 1952 1096 1981 cuncta
1113 1949 1250 1990 legenti.

355 2080 446 2118 Haeo
466 2076 551 2117 aliae
572 2087 593 2116 e
613 2075 712 2114 libro
730 2076 743 2114 l
767 2077 1035 2132 excerpuntur
1066 2087 1074 2112 :

302 2183 348 2215 Ad
372 2190 456 2213 vers.
480 2182 557 2212 111.
576 2179 612 2212 Si
629 2187 703 2211 vera
724 2178 774 2209 vel
791 2178 853 2209 rite
873 2179 1007 2218 propter
1026 2176 1185 2217 poen-iam
1207 2177 1380 2208 novellam.

478 2238 553 2267 174.
575 2235 692 2268 Ambos
710 2235 761 2266 vel
780 2234 884 2266 almos
904 2234 955 2265 vel
976 2233 1072 2265 altos.

1528 1380 1703 1412 Apostrophat

1552 1425 1583 1449 ad
1595 1432 1681 1456 regem

1485 1469 1635 1499 staberium,
1649 1469 1746 1501 Apuliae

1568 1511 1667 1537 Sicilia}

1517 1561 1542 1581 et
1554 1555 1714 1582 Hierusalem

1569 1609 1664 1633 regem.

1511 1959 1617 1984 Utiliias
1628 1967 1685 1991 quae
1697 1961 1719 1984 ei

1553 2006 1679 2030 succedet.

478 2294 554 2324 188.
576 2292 638 2324 Per
658 2291 787 2324 verbera
807 2299 928 2323 nosces.
945 2290 1085 2322 Humilis
1105 2292 1153 2322 est
1173 2290 1336 2322 sententia
1350 2291 1474 2331 Jurlieio
1496 2300 1581 2323 meo.

478 2352 554 2381 286.
576 2349 722 2388 Meliore,
743 2349 890 2380 dicerem
911 2348 1048 2387 majore.

479 2409 554 2439 329.
576 2408 656 2438 Nota
676 2406 755 2447 quia
773 2406 855 2437 forte
875 2405 991 2437 melius
1013 2408 1100 2437 esset
1119 2404 1263 2446 abjicere
1284 2406 1371 2438 hunc
1391 2414 1534 2437 versum.

479 2466 553 2496 362.
577 2463 745 2497 credulus,
763 2463 824 2494 Iste
846 2472 956 2495 versus
978 2472 1041 2494 non
1063 2462 1211 2502 loquenti
1229 2463 1285 2494 sed
1305 2466 1410 2503 poelae
1430 2462 1584 2494 convenit
