1865 2959
851 196 893 203 -—
922 178 986 213 261
1017 198 1061 203 —

317 263 364 301 Et
383 260 568 313 quotiens
595 260 775 300 animum
799 261 1011 312 praeseutia
1032 273 1222 314 prospera
1242 262 1402 303 tollunt.

316 333 420 372 Ante
441 344 550 371 acres
572 331 737 371 intende
757 331 891 371 oculos
912 332 1141 385 circumque
1165 338 1365 387 retroque,

315 406 394 444 Nec
416 403 511 456 quid
530 402 619 442 laeta
642 402 740 443 ferat
761 407 918 443 tantum
938 402 1097 444 fortuna
1114 404 1270 456 tulitve,

316 475 391 515 Sed
411 474 507 527 quid
526 474 627 514 ferre
650 479 781 527 potest
801 475 934 515 auimo
957 476 1099 516 metire
1120 477 1262 528 sagaci.
1515 481 1592 519 280

314 546 376 586 Nil
396 545 514 586 facies
542 552 662 597 recte,
684 547 761 586 nisi
781 558 872 587 cum
894 559 985 599 spes
1010 547 1163 587 venerit
1184 548 1293 588 illinc
1315 563 1323 588 ε

313 617 414 657 Hinc
435 622 567 657 metus
586 622 778 666 occurrat,
800 618 870 657 tibi
895 619 955 657 sin
983 618 1144 658 victoria
1163 617 1298 658 forsan

314 689 497 738 Cesserit,
520 694 558 729 et
582 694 777 742 quantum
801 696 860 729 est
880 689 1049 741 propriis
1070 690 1175 742 quod
1198 690 1382 730 laudibus
1406 692 1533 732 addis.

313 762 446 802 Victor
464 774 506 802 es
528 767 566 802 et
586 762 726 812 vincis,
749 763 894 814 vixque
912 774 1041 801 unum
1061 762 1171 802 mille
1189 763 1405 815 triumphis

310 834 458 885 Adjicis
486 847 493 872 :
517 838 556 873 at
580 836 612 872 si
635 833 736 873 sorte
757 834 827 873 diu
847 834 1033 873 comitata
1052 838 1216 886 repente
1510 839 1588 877 285

310 905 535 945 Destituant
556 910 593 946 te
615 904 708 955 fata,
738 906 834 953 ruis,
857 910 1107 957 pereuntque
1130 905 1286 945 labores

309 977 530 1026 Innumeri‚
555 988 723 1029 spesque
743 976 875 1029 ampla
896 976 1027 1023 simul,
1054 976 1258 1016 consultor
1278 982 1316 1017 et
1333 977 1462 1018 hostis

310 1051 422 1088 Unus
446 1049 572 1089 adest.
595 1049 739 1088 Odium
763 1048 891 1097 sileat,
915 1060 976 1088 res
998 1048 1129 1088 firmet
1147 1049 1336 1102 utrinque

308 1121 413 1167 Utile
431 1120 659 1185 consilium,
683 1125 719 1160 et
742 1120 773 1159 si
795 1120 904 1160 nulla
927 1120 1102 1172 perieuta
1122 1125 1288 1170 terrent,

309 1195 357 1233 At
378 1192 554 1233 retrahat
580 1192 719 1232 saltem
750 1192 930 1231 studium
953 1198 988 1232 te
1011 1192 1187 1232 nominis
1202 1193 1289 1241 alti3
1508 1197 1585 1235 ⁶290

308 1264 440 1304 Altius
458 1264 513 1304 ire
535 1265 689 1316 nequit,
713 1276 821 1304 nunc
839 1276 1073 1304 conservare
1092 1264 1227 1304 labora
1249 1279 1257 1303 ε

305 1338 473 1388 Magnus
492 1336 599 1376 enim
621 1336 731 1376 labor
756 1340 815 1376 est
833 1347 986 1388 magnae
1013 1336 1193 1376 custodia
1212 1335 1342 1376 famae.
1397 1367 1404 1371 .

307 1409 428 1448 Visne
449 1413 506 1448 tot
528 1409 704 1461 egregios
724 1413 834 1448 actus
856 1414 894 1448 et
915 1413 1094 1461 tempore
1114 1413 1225 1448 tanto

306 1480 525 1529 Quaesitum
545 1480 664 1519 decus
686 1481 805 1520 unius
827 1480 1075 1520 committere
1097 1491 1212 1520 casus

304 1552 509 1592 Arbitrio?
529 1551 651 1591 Visne
673 1564 752 1591 una
773 1552 857 1591 dies
878 1557 935 1591 tot.
960 1552 1126 1592 subruat
1147 1553 1306 1592 annos?
1504 1555 1582 1593 295

303 1626 522 1664 Fortunam
545 1636 703 1664 servare
724 1637 837 1664 suani
854 1624 1055 1677 finemque
1078 1625 1264 1664 secundis

305 1699 455 1736 Ponere
478 1696 690 1736 consilium
711 1701 785 1746 est,
808 1708 881 1736 nec
901 1708 1022 1748 parva
1037 1696 1207 1736 accessio
1229 1708 1383 1747 magnae

303 1769 489 1808 Fortunae
507 1772 566 1807 est
587 1768 765 1807 tenuisse
787 1768 968 1807 modum.
993 1768 1033 1807 Si
1054 1767 1165 1807 frena
1186 1767 1354 1817 relaxas,

303 1838 449 1879 Afferet
469 1839 511 1878 iu
532 1851 707 1891 przeeeps
744 1841 905 1879 Possem
931 1844 970 1878 to
992 1839 1116 1878 multa
1136 1850 1315 1887 monere,

302 1913 483 1962 Namque
503 1910 779 1962 exemplorum
801 1922 945 1963 magna
970 1915 1030 1950 est
1048 1910 1147 1950 mihi
1162 1910 1286 1962 copia.
1303 1912 1483 1959 Quantus
1503 1914 1580 1951 300

303 1981 372 2021 Vir
395 1981 523 2022 fuerat
543 1983 696 2034 Cyrus,
718 1987 854 2022 tamen
877 1982 911 2022 is
937 1982 1033 2022 dum
1060 1981 1139 2022 fine
1161 1982 1246 2022 sine
1264 1981 1344 2022 ullo

345 2171 422 2201 285.
441 2168 561 2209 Adjicis
577 2169 609 2200 in
627 2179 689 2201 ms.
707 2171 742 2207 B,
764 2171 798 2206 C,
822 2170 858 2207 D,
872 2170 946 2209 jure
965 2178 1020 2209 pro
1034 2169 1147 2210 adjicit
1162 2170 1247 2209 quod
1264 2170 1389 2212 legitur
1407 2169 1441 2201 in
1459 2179 1517 2202 ms.
1540 2171 1577 2208 A,

299 2229 331 2257 et
344 2225 467 2257 addicis
485 2227 572 2265 quod
588 2226 707 2268 legitur
726 2227 758 2257 in
777 2228 828 2257 ed.
853 2227 927 2257 Bas.

343 2285 419 2314 296.
441 2281 583 2314 Freuare
605 2283 638 2314 in
658 2284 710 2315 ed.
727 2284 786 2315 Bas
805 2309 812 2322 ,
836 2292 960 2315 servare
981 2283 1014 2314 in
1030 2292 1090 2314 ms.
1109 2283 1146 2314 Α.

342 2342 418 2371 299.
441 2339 574 2380 Auferat
595 2340 628 2371 iu
647 2342 699 2372 ed.
720 2342 809 2380 Bas„
828 2341 939 2382 afferet
960 2340 992 2372 in
1009 2350 1068 2371 ms.
1091 2341 1143 2379 A„
1159 2340 1264 2380 aufert
1287 2340 1320 2372 in
1342 2350 1401 2373 ms.
1425 2342 1459 2379 B,
1482 2343 1516 2381 C,
1538 2343 1575 2381 D,

297 2397 334 2433 Ε,
349 2396 474 2437 auferet
495 2397 529 2427 in
547 2406 610 2428 ms.
626 2399 661 2428 F.

345 2453 420 2483 300.
444 2451 565 2494 Quanti
582 2453 614 2485 in
635 2454 686 2485 ed.
710 2454 797 2493 Bas„
819 2459 959 2497 quantus
978 2456 1011 2488 in
1034 2454 1186 2487 omnibus
1202 2465 1262 2488 ms.
