1865 2959
756 243 798 251 ..
826 227 866 261 41
899 245 938 251 -

213 311 349 360 retur,
383 307 647 365 interposito
676 307 884 351 utebatur
915 308 1149 352 Petrarcha
1171 307 1329 358 Ennio,
1351 320 1484 363 quem

213 386 380 443 legerat
422 387 566 428 statua
606 384 650 427 in
698 384 953 442 Scipionum
1006 388 1304 428 monumento
1347 384 1487 428 fuisse

214 462 499 506 honoratum.

272 538 390 582 Alias
427 542 577 582 autem
619 538 720 596 plus
759 553 887 596 aequo
929 538 1102 582 doctior
1138 537 1258 582 idem
1296 537 1483 589 incedit,

212 616 377 674 quippe
402 616 477 672 qui
507 616 650 673 magis
684 620 888 660 auctores
923 629 1073 659 rerum
1103 615 1320 674 Scipionis
1352 629 1487 672 quam

213 692 464 750 Scipionem
482 692 576 750 ipse
592 692 864 736 recordetur.
885 693 1056 751 Dignus
1071 693 1225 750 utique
1243 692 1386 736 factus
1402 697 1484 744 est,

213 771 258 813 in
277 783 412 827 quem
431 770 515 813 hoc
534 769 589 814 de
611 770 713 813 Silio
730 771 857 813 Plinii
871 770 1063 828 junioris
1077 770 1297 828 judicium
1319 770 1491 814 confer-

213 850 364 891 retur:
387 864 407 887 α
437 847 664 891 Scribebat
694 847 890 891 carmina
919 848 1088 906 majore
1119 860 1223 891 cura
1250 861 1385 905 quam
1420 847 1489 889 in-

213 924 360 982 genio,
390 940 411 963 »
435 927 511 967 aut
546 923 657 967 illud
693 924 951 975 Quintiliani
982 924 1038 969 de
1064 925 1241 968 Lucano
1268 940 1276 968 :
1301 942 1323 965 «
1352 924 1490 982 Magis

214 1000 463 1044 oratoribus
490 1014 625 1058 quam
651 1001 795 1059 poetis
821 1001 1206 1045 adnumerandus.
1232 1018 1254 1041 »

272 1078 335 1121 Sit
354 1081 505 1122 tamen
525 1082 574 1121 ut
594 1092 674 1136 pro
693 1078 904 1122 historico
922 1083 1129 1137 poemate
1150 1082 1179 1122 A
1186 1082 1301 1133 fricco
1321 1079 1486 1123 habea-

217 1160 315 1199 tur:
346 1159 452 1199 tunc
485 1155 734 1200 videndum
771 1161 838 1200 est
864 1169 920 1199 an
954 1160 1106 1214 poeta,
1145 1157 1280 1215 hujus
1314 1158 1491 1215 generis

214 1233 546 1277 conditionibus
562 1233 694 1291 plane
712 1234 920 1292 acceptis,
947 1248 1059 1292 opus
1080 1239 1200 1279 recte
1220 1234 1492 1293 disposuerit

213 1314 258 1355 et
284 1311 520 1369 peregerit.
557 1310 705 1354 Hianti
740 1325 871 1368 porro
904 1315 948 1355 et
978 1325 1133 1369 aspera
1166 1313 1492 1370 compositione

213 1403 322 1432 usus
342 1392 423 1440 est,
451 1392 494 1432 et
511 1388 725 1432 vitiosum
749 1402 900 1432 rerum
922 1388 1127 1433 ordinem
1147 1390 1394 1448 usurpavit,
1416 1391 1491 1448 qui

214 1470 311 1509 tum
331 1466 529 1523 primum
551 1465 810 1509 Africanum
834 1466 890 1508 ad
913 1466 1087 1524 Elysios
1113 1480 1294 1525 campos
1315 1468 1487 1526 rapuit,

213 1547 258 1588 et
280 1543 448 1587 diutius
467 1543 563 1601 ipse
585 1543 631 1585 in
651 1543 726 1586 illa
754 1543 938 1601 regione
966 1549 1270 1589 commoratus
1296 1549 1364 1589 est
1391 1562 1398 1588 :
1424 1549 1491 1588 at-

213 1634 300 1678 que
327 1634 378 1665 eo
407 1620 458 1663 fit
487 1624 536 1663 ut
561 1624 734 1663 tantum
764 1621 810 1663 in
844 1621 972 1665 tertio
996 1621 1108 1665 libro
1141 1622 1349 1680 explicari
1380 1623 1490 1666 inci-

212 1699 302 1757 piat
325 1698 488 1741 fabula.
514 1698 650 1741 Multa
681 1697 844 1742 deinde
876 1699 1044 1757 legenti
1074 1713 1418 1758 supervacanea,
1445 1700 1490 1742 in

213 1776 368 1834 primis
402 1775 688 1833 potissimum
724 1775 870 1827 libris,
912 1780 1176 1828 occurrunt,
1214 1777 1491 1821 narrationes

214 1853 379 1898 crebrae
413 1852 617 1896 incidunt
642 1869 649 1896 :
680 1867 779 1910 qua}
797 1889 807 1905 ,
839 1853 971 1897 taedio
993 1854 1176 1913 insuper
1201 1855 1359 1913 plena,
1391 1855 1491 1898 lon-

214 1931 313 1989 gius
346 1930 401 1974 ab
435 1931 612 1988 incepto
644 1931 929 1975 Petrarcham
965 1932 1083 1976 bona
1110 1934 1250 1991 gratia
1288 1934 1487 1978 trahunt.

215 2008 346 2052 Modo
397 2008 518 2051 enim
563 2009 715 2052 Romae
758 2008 831 2052 vel
885 2009 1163 2068 Carthaginis
1213 2011 1487 2068 primordia,

214 2085 349 2130 modo
386 2085 621 2129 Deciorum
652 2085 724 2129 vel
760 2085 1070 2130 Philoenorum
1111 2091 1306 2131 mortem
1345 2088 1490 2132 fusius

214 2163 332 2207 ultro
359 2162 534 2215 laudat,
570 2166 661 2205 tam
690 2163 812 2207 lento
841 2166 884 2207 et
910 2164 1090 2223 ancipiti
1117 2179 1250 2209 cursu
1277 2165 1491 2210 incedens

214 2244 264 2285 ut
285 2240 517 2284 historiam
535 2240 579 2283 in
602 2240 755 2284 schola
772 2240 932 2286 docere
950 2256 1098 2300 neque
1117 2256 1318 2300 unquam
1338 2247 1491 2288 mente

216 2319 435 2363 diviniore
455 2320 630 2364 afflatus
653 2334 752 2364 esse
777 2320 1000 2365 videatur.

275 2398 326 2441 In
347 2410 399 2441 eo
429 2401 580 2442 autem
608 2399 659 2442 fit
679 2399 1064 2457 intemperantior,
1091 2399 1213 2458 quod
1234 2400 1493 2458 frequenter

215 2474 467 2533 Scipionem
504 2479 548 2519 et
587 2476 697 2521 alios
736 2476 906 2521 inducit
941 2478 1194 2535 loquentes.
1235 2477 1490 2536 Aliquando
