1865 2959
827 236 1014 271 -90—

281 321 418 360 Sidera
433 320 543 360 visus
556 324 640 360 erat
660 320 854 373 sedesque
869 320 1060 373 implesse
1080 321 1246 373 quietas.

282 392 423 431 intima
443 391 474 431 si
490 391 605 432 liceat
628 392 800 432 summis
819 404 993 445 aequare,
1017 393 1172 433 marina
1484 398 1563 435 0210

281 464 404 504 Piscis
422 475 524 516 aqua
543 463 735 516 profugus
753 464 956 517 fluvioque
975 470 1158 517 repostus
1178 477 1336 505 amomo

280 538 367 577 Non
387 536 500 577 aliter
525 541 683 589 stupeat
699 537 732 576 si
747 538 832 589 jam
848 537 1058 577 dulcedine
1080 542 1242 589 captum

280 609 349 648 Vis
373 608 465 648 salis
483 608 634 648 insoliti
659 614 698 648 et
722 609 878 648 subitus
899 609 1132 649 circumstet
1155 620 1328 658 amaror,

279 683 407 730 Quam
425 692 534 721 sacer
552 680 620 721 ille
640 681 785 721 chorus
807 680 977 733 stupuit,
998 692 1172 733 namque
1194 680 1391 722 hactenus
1413 682 1480 722 irai

278 756 327 794 Et
345 753 471 804 dolor,
497 758 536 793 et
551 753 739 805 gemitus,
762 758 800 793 et
819 764 936 793 mens
957 753 1110 793 incerta
1130 751 1270 803 futuri,
1481 756 1559 794 215

279 828 410 878 Atque
427 829 560 865 metus
586 825 742 874 mortis,
762 825 986 877 mundique
1008 824 1236 864 miserrima
1255 824 1381 865 nostri

278 897 398 937 Millia
415 908 603 937 curarum
628 896 777 949 rapidae
798 896 945 949 quilius
966 896 1119 949 optima
1137 896 1228 936 vitae

276 969 472 1021 Tempora
487 975 525 1009 et
544 969 586 1008 in
606 968 782 1009 tenebris
804 968 991 1009 meliores
1016 968 1203 1008 ducimus
1223 980 1365 1009 annos.

276 1040 358 1081 Illic
377 1054 477 1094 pura
497 1041 595 1091 dies,
621 1053 743 1094 quam
764 1040 833 1081 lux
858 1046 1005 1081 aeterua
1031 1045 1203 1090 serenat,

276 1115 403 1162 Quam
423 1124 496 1154 nec
514 1113 646 1153 luctus
667 1113 768 1153 edax
791 1125 865 1154 nec
884 1113 1014 1153 tristia
1027 1125 1238 1154 murmura
1262 1114 1426 1155 turbant
1447 1129 1456 1165 ;
1482 1117 1561 1155 220

274 1187 363 1225 Non
390 1185 480 1225 odia
496 1185 721 1225 incendunt
739 1197 843 1226 nova
861 1197 926 1225 res
947 1198 1165 1238 auremque
1186 1186 1354 1227 deorum

274 1259 460 1298 lnsuetus
476 1258 636 1311 pulsare
657 1256 789 1310 fragor
808 1258 955 1310 pietate
981 1269 1164 1298 recessus

272 1330 387 1370 Lucis
407 1330 596 1370 iuacessze
614 1330 863 1382 tacitumque
881 1329 1118 1382 impleverat
1134 1341 1264 1370 axem.

274 1405 323 1443 At
347 1408 457 1455 pater
474 1402 663 1454 amplexu
684 1402 828 1455 cupido
847 1402 1112 1455 precibusque
1127 1403 1321 1443 modestis

274 1477 463 1528 Occupat,
485 1480 523 1515 et
543 1474 730 1527 gravibus
751 1474 911 1515 cohibet
932 1475 1107 1527 suspiria
1131 1475 1248 1515 dictis
1277 1489 1285 1514 ι
1484 1479 1563 1515 2⁶25

281 1561 299 1584 «
318 1549 452 1597 Parce,
472 1558 627 1599 precor,
651 1547 817 1598 gemitu,
840 1558 923 1586 non
944 1546 1051 1587 hunc
1074 1551 1318 1600 tempusque
1341 1547 1529 1600 locusque

277 1621 510 1672 Exposcunt
526 1631 537 1671 3
567 1619 637 1660 sed
656 1619 742 1660 visa
760 1618 944 1660 animum
968 1620 1001 1658 si
1022 1618 1189 1660 vulnera
1209 1624 1395 1672 tangunt,

278 1693 414 1744 Usque
434 1691 531 1732 adeo
548 1693 663 1744 Juvat
683 1696 721 1731 et
739 1691 890 1744 patrios
918 1703 1158 1743 cognoscere
1183 1703 1314 1740 casuS,

276 1764 436 1816 Accipe,
457 1776 550 1804 nam
572 1764 710 1817 paucis
726 1764 996 1816 perstringam
1018 1764 1193 1816 plurima
1211 1764 1359 1805 verbis.

277 1837 397 1876 Sexta
423 1848 493 1888 per
511 1836 726 1889 Hesperios
747 1836 910 1888 penitus
937 1836 1112 1876 victricia
1132 1848 1298 1889 campos
1485 1839 1564 1878 230

277 1908 500 1960 Nostraque
519 1907 631 1960 signa
650 1907 771 1948 simul
797 1910 1057 1960 Romanaque
1078 1908 1232 1949 viderat
1248 1912 1364 1949 testas
1381 1920 1393 1960 ;

277 1981 377 2020 Cum
392 1979 493 2020 mihi
504 1982 588 2033 jam
609 1980 784 2034 bellique
804 1992 938 2021 moras
956 1992 1153 2034 curasque
1177 1992 1319 2034 peroso

327 2187 403 2217 213.
425 2184 561 2217 Amator
575 2185 608 2216 in
630 2186 683 2216 ed.
707 2186 796 2223 Bas.‚
814 2193 948 2216 amaror
969 2184 1002 2216 in
1023 2184 1176 2216 omnibus
1196 2194 1256 2215 ms.

325 2244 401 2274 216.
423 2241 555 2275 Miseria
571 2241 603 2273 in
623 2242 677 2273 ed.
700 2243 788 2280 Bas„
811 2243 998 2274 miserrima
1018 2242 1051 2273 in
1073 2241 1225 2273 omnihus
1243 2251 1303 2273 ms.

325 2301 401 2331 223.
427 2299 574 2331 Tacitum
591 2300 624 2331 in
637 2301 689 2332 ed.
707 2300 795 2338 Bas.,
815 2300 1016 2340 tacitumque
1036 2299 1067 2330 in
1088 2300 1238 2331 omnibus
1259 2309 1319 2331 ms.

324 2357 401 2386 226.
422 2355 488 2388 Hoc
500 2365 559 2396 pro
576 2356 662 2388 hunc
678 2357 712 2387 in
731 2366 792 2388 ms.
815 2357 850 2388 E.

324 2413 401 2443 228.
426 2412 556 2448 Patrios
574 2413 606 2444 in
637 2423 698 2444 ms.
720 2416 758 2451 A,
780 2414 815 2451 E,
836 2413 872 2451 F,
890 2413 1039 2455 proprios
1060 2412 1091 2444 in
1111 2422 1171 2444 ms.
1194 2413 1231 2451 B,
1256 2413 1290 2451 C,
1319 2414 1356 2451 D,
1377 2413 1498 2454 primos
1525 2413 1559 2443 in

280 2469 334 2501 ed.
355 2469 445 2507 Bas.‚
466 2478 640 2511 agnoscere
662 2470 696 2501 iu
711 2471 766 2502 ed.
785 2471 875 2509 Bas,
891 2478 1081 2511 cognoscere
1102 2470 1134 2501 in
1155 2478 1216 2501 ms.
1238 2470 1275 2501 A.

327 2526 404 2557 232.
424 2525 512 2565 Jam,
532 2526 564 2557 in
586 2526 738 2559 omnibus
760 2536 839 2566 ms.,
859 2526 1020 2560 omittitur
1040 2526 1072 2558 in
1087 2527 1140 2559 ed.
1159 2526 1234 2558 Bas.
