1865 2959
844 213 1053 248 -375—

310 299 414 346 Haec,
440 296 559 336 Fabio
583 296 772 346 dictante,
794 301 933 348 quater
945 298 1032 348 jam
1053 297 1154 336 victa
1173 296 1374 337 furentem

308 368 487 408 Sustinet
506 366 773 407 Hannibalem
793 367 1031 416 cunctando,
1055 372 1093 407 et
1112 367 1319 419 grandinis
1338 368 1464 408 instar

307 441 440 480 Monte
461 450 582 478 ruens
602 440 772 478 Poenum
793 438 1013 490 fugientem
1034 438 1076 478 in
1097 444 1223 479 castra
1240 439 1425 479 remittit.
1535 442 1587 479 90

307 513 398 550 Haec
417 515 455 550 et
478 514 568 562 post.
585 512 741 550 Cannas
764 509 828 549 vix
850 510 1119 549 constituente
1141 515 1282 550 senatu

306 582 453 622 Urbem
471 581 749 633 linquendam,
770 579 899 632 gladio
919 580 1083 621 defensa
1101 580 1254 620 tribuni

307 653 498 705 Scipiadae
516 664 560 692 ac
578 651 706 691 imbre
727 652 901 691 demisso
924 651 1092 701 coelitus,
1113 651 1242 692 bostis

308 724 502 764 Faucibus
523 728 658 775 erepta
674 723 795 763 variis
814 723 1044 775 regionibus
1065 723 1172 763 orbis

306 795 414 835 Bella
433 795 531 847 gerit
549 809 557 844 ;
586 794 738 835 Siculas
759 794 940 835 Marcello
964 794 1049 835 haec
1069 795 1232 835 consule
1259 799 1384 835 terras
1531 797 1583 834 95

305 868 492 919 Occupat,
514 866 597 907 haec
618 866 788 907 Caralim
807 866 1035 918 Sardoaque
1056 868 1178 907 Marte
1197 871 1361 906 cruento

306 940 441 990 Regna
459 939 575 991 capit,
597 938 723 978 multo
749 940 965 978 Poenorum
983 938 1194 990 sanguine,
1219 938 1361 978 victrix

306 1012 397 1050 Haec
414 1010 621 1050 Macedum
643 1021 792 1061 regem,
816 1014 965 1050 secreto
984 1009 1130 1051 foedere
1153 1010 1333 1051 vinctum

307 1082 513 1131 Hostibus,
531 1082 573 1121 in
594 1081 752 1134 propria
772 1082 915 1121 sternit
936 1082 1086 1122 ditione
1110 1082 1356 1135 Philippum.

305 1153 468 1192 Necnon
489 1165 530 1192 se
551 1152 695 1192 Italicis
714 1153 974 1193 metuendam
995 1153 1145 1205 praebet
1163 1153 1205 1192 in
1226 1153 1345 1203 arvis,
1508 1159 1585 1195 100

306 1224 572 1264 Hannibalem
594 1224 691 1263 Latii
712 1224 951 1264 domitorem
975 1224 1146 1264 fulmine
1163 1224 1353 1277 frangens

305 1295 490 1344 Marcelli,
518 1300 556 1335 et
571 1297 763 1348 Capuam,
782 1296 976 1349 Libycum
997 1309 1085 1349 quae
1112 1296 1194 1337 sela
1214 1297 1386 1349 rigorem

306 1367 462 1407 Deliciis
483 1372 570 1407 tum
591 1367 676 1408 visa
698 1372 842 1420 potens
862 1368 1018 1408 mollire
1040 1374 1218 1409 secutam

304 1439 443 1479 Gentis
462 1440 678 1492 Agenoreae
698 1444 787 1492 post
807 1442 963 1480 Cannas
990 1439 1070 1480 fata
1088 1439 1279 1480 rebellem

305 1510 521 1551 Obsidione
542 1523 729 1563 premens
748 1523 893 1563 magna
909 1511 1057 1552 virtute
1076 1511 1241 1564 recepit.
1507 1515 1584 1553 405

304 1584 474 1635 Haecque
494 1584 753 1623 Tarentinam
772 1583 935 1623 defensa
956 1583 1107 1624 viribus
1128 1595 1216 1624 arce

303 1656 536 1706 Irrumpens
556 1654 714 1705 urbem,
736 1654 837 1695 felici
860 1655 1008 1702 Punica
1026 1658 1149 1697 Marte

304 1727 474 1778 Agmina
497 1727 712 1779 prosternit
732 1727 987 1779 multumque
1008 1728 1210 1780 intercipit
1234 1728 1408 1769 hostem.

305 1799 405 1848 Quid
426 1811 647 1839 memorem
670 1801 791 1840 Poeno
813 1812 1021 1852 spumasse
1040 1812 1177 1840 cruore
1201 1802 1423 1841 Metaurum

304 1871 430 1910 Caedis
456 1871 670 1911 barbaricae
689 1871 786 1911 dum
809 1871 999 1912 Claudius
1022 1872 1191 1924 impiger
1210 1876 1346 1911 auctor
1509 1875 1585 1913 110

303 1943 453 1983 Sternit
472 1943 781 1983 Hamilcaridem
803 1948 862 1983 tot
884 1943 984 1983 fusis
1011 1943 1189 1984 millibus
1210 1944 1289 1984 alto

304 2015 505 2067 Sanguine
525 2017 752 2055 Cannarum
776 2014 987 2067 cladesque
1008 2015 1213 2056 ulciscitur
1229 2016 1386 2056 ardens.

303 2089 466 2127 Necnon
481 2086 672 2126 Romanis
686 2087 927 2126 metuendus
951 2087 1114 2128 detonat
1134 2087 1255 2127 armis

305 2159 562 2211 Psenisequos
585 2158 678 2198 belli
699 2159 797 2198 dum
816 2158 977 2199 turbine
997 2160 1141 2199 sternit
1159 2160 1293 2200 Iberos

304 2231 432 2283 Scipio
453 2230 691 2279 fulmineus;
717 2232 831 2282 cnjus
856 2231 928 2270 tibi
948 2236 1058 2283 gesta
1080 2232 1239 2272 canenti
1507 2233 1582 2270 115

305 2304 490 2343 Occurret
508 2314 653 2354 magno
673 2301 802 2342 victus
823 2303 1039 2343 certamine
1064 2303 1204 2342 ductor

302 2374 540 2424 Hasdrubal,
563 2379 682 2427 atque
700 2374 814 2414 novis
836 2375 1029 2427 Carthago
1047 2375 1266 2426 moenibus,
1292 2387 1365 2416 axe

304 2448 461 2487 Structa
484 2445 557 2486 sub
576 2445 782 2499 Hesperio,
806 2448 986 2487 Romano
1007 2446 1133 2486 milite
1149 2451 1275 2499 capta.
