1865 2959
889 286 934 292 -
960 266 1012 302 59,-
1032 285 1077 294 ..-

342 349 403 394 ris
424 349 628 403 societas,
654 353 866 409 tantaque
883 355 1039 410 postea
1060 349 1283 394 AEmiliani
1302 353 1345 394 et
1364 350 1622 409 posterioris

340 428 483 482 Laelii,
505 432 556 472 ut
573 442 729 473 eorum
751 429 937 473 nomina
955 429 1125 473 Tullius
1141 429 1186 472 in
1201 429 1314 472 libro
1336 432 1393 472 De
1413 433 1618 472 Amicitia

341 507 642 565 inscripserit,
668 510 823 566 utpote
845 507 1008 565 quibus
1035 507 1230 551 maxime
1260 507 1550 552 extolleretur
1578 511 1621 551 et

339 584 650 629 nobilitaretur
662 585 868 629 amicitia.
884 585 989 628 Haec
1006 584 1099 643 ipse
1112 584 1348 629 Petrarcha
1359 585 1460 643 jure
1479 585 1619 643 scrip-

340 663 420 706 sit:
448 680 469 703 «
499 663 798 708 Convivere...
823 677 926 707 eum
955 663 1110 706 amieis
1141 661 1252 707 adeo
1271 662 1540 721 jucundum,
1572 666 1620 706 ut

338 753 495 784 eorum
532 744 808 800 superventu
836 740 899 783 nil
929 740 1098 798 gratius
1125 740 1388 793 habuerim,
1419 754 1501 785 nec
1532 754 1618 784 un-

337 832 473 876 quam
500 818 658 863 volens
686 819 783 863 sine
810 818 930 862 socio
960 818 1109 862 cibum
1137 818 1463 877 sumpserim...
1494 819 1617 862 Ami-

336 896 540 941 citiarum
576 896 974 955 appetentissimus
1011 896 1306 940 honestarum
1333 900 1377 941 et
1407 895 1617 941 fidelissi-

336 988 438 1018 mus
465 975 609 1019 cultor
635 974 774 1018 fui....
806 975 1062 1033 Principum
1086 978 1129 1019 et
1156 988 1314 1033 regum
1341 974 1616 1018 familiarita-

339 1052 456 1096 tibus
483 1057 527 1097 et
552 1052 776 1096 nobilium
804 1053 1010 1096 amicitiis
1038 1066 1181 1111 usque
1203 1052 1259 1096 ad
1279 1052 1497 1097 invidiam
1525 1052 1616 1096 for—

338 1135 519 1175 tunatus
539 1130 603 1174 fui
623 1130 729 1178 (1)...
751 1131 987 1176 »Dilectus
1003 1131 1171 1175 scilicet
1191 1132 1343 1190 etipse
1360 1131 1468 1175 vixit
1482 1144 1616 1188 quam

334 1209 555 1268 plurimis,
592 1209 787 1268 benigno
816 1213 1029 1268 exceptus
1051 1209 1106 1252 ab
1124 1209 1516 1254 Avenionensibus
1538 1224 1614 1268 pa-

333 1288 416 1345 pis,
441 1288 533 1346 regi
561 1287 753 1331 Roberto
780 1288 1072 1346 Neapolitano
1094 1293 1137 1332 et
1155 1289 1431 1346 principibus
1461 1289 1614 1333 multis

333 1365 590 1409 carissimus
610 1381 620 1418 ;
645 1365 942 1409 nihilominus
966 1369 1094 1410 natos
1113 1366 1359 1410 obscuriori
1381 1367 1478 1411 loco
1500 1367 1613 1410 ami-

333 1456 409 1486 cos
439 1456 575 1501 quam
602 1443 917 1488 ardentissime
947 1443 1175 1503 diligebat,
1206 1458 1256 1488 ac
1288 1445 1457 1503 passim
1485 1445 1614 1488 habi-

334 1525 480 1566 tantes
499 1536 617 1581 saepe
634 1522 871 1567 invisebat.
895 1523 1137 1567 Multorum
1155 1528 1397 1582 supersunt
1412 1524 1609 1576 nomina,

333 1614 445 1657 quos
464 1600 779 1658 frequentibus
798 1601 914 1660 juvit
935 1601 1136 1659 epistolis
1152 1638 1162 1655 ,
1187 1606 1263 1645 aut
1283 1602 1446 1660 quibus
1467 1601 1611 1660 quod-

332 1678 436 1722 dam
455 1680 725 1738 opusculum
746 1679 983 1724 dedicavit.
1006 1680 1306 1739 Semetipsum
1320 1680 1614 1739 profitebatur

331 1761 489 1801 natura
515 1759 659 1817 magis
684 1759 890 1802 amicitiae
924 1758 1129 1803 deditum
1163 1772 1299 1817 quam
1329 1759 1401 1802 alii
1433 1758 1613 1802 cuilibet

330 1836 391 1880 rei
405 1850 413 1884 ;
431 1835 476 1878 in
492 1849 579 1893 qua
593 1836 834 1880 amicitiam
849 1837 992 1895 ipsam
1007 1851 1206 1895 quaerere
1222 1836 1409 1882 solebat.
1427 1837 1611 1881 Nullum

330 1913 422 1958 fere
453 1914 669 1972 scriptum
705 1914 900 1972 reliquit,
936 1915 981 1958 111
1016 1929 1103 1973 quo
1132 1929 1224 1959 non
1258 1928 1385 1959 suam
1414 1915 1610 1958 animam

330 1992 517 2036 aliarum
562 1993 840 2037 consortium
889 1994 1141 2038 animarum
1191 1993 1439 2038 studiosam
1484 1993 1609 2051 quasi

329 2070 462 2128 plane
488 2070 741 2115 nudaverit.

387 2149 539 2206 Neque
556 2148 684 2192 illum
704 2152 918 2207 praeterea
936 2149 1134 2208 fugiebat
1151 2150 1433 2204 Africanum,
1460 2150 1607 2194 laudis

328 2226 639 2271 avidissimum
669 2241 810 2285 eoque
838 2229 1093 2287 propiorem
1122 2228 1316 2282 invidiae,
1346 2228 1609 2273 omniafere

328 2304 383 2348 ad
411 2305 670 2364 augendum
698 2306 895 2351 nominis
916 2308 984 2351 sui
1012 2307 1300 2366 splendorem
1323 2307 1584 2352 adhibuisse
1594 2324 1605 2360 ;

328 2382 440 2427 adeo
466 2386 516 2427 ut
538 2383 778 2442 aliquando
800 2385 952 2443 legum
982 2385 1136 2444 patria)
1158 2385 1359 2430 oblivisci
1386 2386 1509 2430 visus
1532 2386 1603 2437 sit,

372 2556 419 2600 (1)
440 2558 500 2601 Ep.
521 2559 563 2591 ad
575 2563 660 2599 post.
