1865 2959
806 317 852 323 -
877 298 940 331 2711
973 316 1015 322 -

274 384 326 423 Ut
346 392 503 422 summo
522 380 619 420 solio
648 392 781 421 coram
804 381 927 430 stetit,
956 380 1078 420 altera
1101 378 1247 431 raptim

274 454 415 506 Incipit
443 467 451 492 :
486 468 503 490 «
526 455 585 492 En
605 457 801 504 quantum
824 451 980 491 facinus
995 450 1170 491 ι1111101110
1189 450 1354 501 longum

273 525 453 576 Hospita,
477 530 515 564 et
534 529 728 564 {eternum
748 523 828 563 fato
848 527 1048 563 statuente
1069 522 1203 562 futura
1469 523 1546 560 5⁶25

273 598 422 636 Tentor
441 595 488 635 ab
509 595 632 644 Italia,
654 607 727 635 nec
746 599 805 634 tot
824 606 895 634 sua
915 594 1080 634 vulnera
1093 598 1277 645 prosunt,

273 669 352 707 Nec
373 667 494 719 quod,
517 666 549 706 si
568 678 646 718 qua
666 666 765 706 fides
784 666 940 718 gladiis,
959 665 1075 705 letale
1094 664 1230 716 putavi

274 740 502 778 Cannarum
521 737 783 777 memoranda
805 737 904 777 dies.
926 737 955 776 Ο
977 735 1057 776 fata
1081 738 1252 775 Deorum

272 811 397 851 Dura!
423 810 544 850 Bonis
566 810 681 850 liceat
701 811 831 861 justas
850 808 996 849 inferre
1019 807 1215 860 querelas,

274 885 320 921 Et
340 882 435 922 coelo
457 894 538 921 non
558 880 648 921 ficta
671 881 793 933 loqui.
818 883 967 921 Natura
987 879 1161 931 benigne
1474 878 1548 917 530

273 956 427 994 Mecum
449 953 541 1005 egit,
564 953 707 1002 sate0r3
727 952 869 1004 Superi
890 951 1090 991 invidistis
1111 950 1256 990 acerbi.

272 1026 460 1078 AEquoris
475 1025 665 1066 immensi
693 1024 962 1076 pulcherrima
982 1023 1114 1062 littora
1137 1022 1311 1062 clemens

272 1097 340 1137 Illa
359 1097 459 1136 mihi
478 1096 809 1144 circumdederat,
840 1100 1062 1147 portusque
1084 1094 1269 1134 decorem

271 1169 506 1218 Addiderat,
530 1169 697 1220 coelique
718 1168 854 1208 aderat
877 1166 1088 1206 clementia
1108 1165 1260 1214 blandi,

271 1243 321 1280 Et
340 1240 566 1292 vespertino
588 1240 755 1280 veniens
774 1238 823 1278 ab
843 1250 915 1278 axe
935 1237 1085 1277 Favoni
1474 1238 1551 1275 5335

271 1312 430 1352 Dulcior
454 1310 609 1350 afflatus
628 1310 881 1362 Zephyrique
896 1309 1096 1361 tepentior
1115 1319 1226 1347 aura.

272 1383 432 1422 Litteris
455 1382 611 1422 adversi
631 1380 756 1433 frigus
777 1381 938 1433 glaciale
960 1379 1147 1420 videbam

272 1457 321 1495 Et
336 1458 425 1507 post
443 1459 553 1505 terga
572 1465 710 1506 graves
732 1465 897 1493 exurere
919 1456 1060 1492 cuncta
1086 1450 1259 1490 dolores.

272 1529 359 1578 Ipsa
388 1537 477 1565 meo
501 1530 688 1565 contenta
710 1524 788 1564 situ
810 1523 1035 1575 mediisque
1054 1522 1216 1562 fruebar

272 1600 376 1637 Lteta
394 1597 510 1637 bonis
528 1612 537 1646 ;
561 1602 712 1648 poterat
736 1603 848 1636 terra]
868 1595 1039 1636 coelestis
1061 1595 1192 1646 imago
1475 1596 1552 1632 540

272 1671 388 1719 Vera,
414 1669 491 1708 nisi
514 1668 642 1717 fallor,
668 1667 943 1720 spectantibus
961 1667 1027 1706 illa
1048 1666 1188 1706 videri.

272 1740 384 1780 Adde
408 1745 466 1780 101
482 1740 657 1780 illustres
679 1745 795 1779 natos
812 1740 1029 1791 Martisque
1055 1737 1220 1778 secundi

272 1815 346 1852 Tot
366 1812 517 1861 titulos,
545 1816 604 1851 tot
624 1816 734 1863 gesta
758 1811 870 1850 ducis
892 1809 1123 1862 famamque
1153 1819 1363 1848 sonoram:

271 1886 359 1923 Non
378 1883 449 1922 tihi
478 1885 582 1923 Mars
606 1883 720 1923 illum
750 1882 915 1922 fratrem
946 1881 1094 1921 fateare
1115 1879 1367 1933 pudendum.

272 1957 388 1995 Hunc
418 1967 495 2008 quo
514 1954 594 1995 fata
612 1955 746 1994 Virum
767 1958 988 2006 rapuerunt
1009 1953 1145 1992 invida
1165 1950 1303 1991 furtim
1477 1952 1553 1990 545

272 2029 468 2079 Tempore
488 2027 698 2078 vulgatum
716 2031 791 2076 est,
814 2030 987 2078 quantos
1013 2024 1156 2064 1011110
1179 2027 1342 2075 paratus

274 2101 396 2139 Orsus
416 2103 513 2149 erat,
538 2110 769 2151 nomenque
796 2110 932 2138 nieum
954 2109 1031 2149 quo
1060 2096 1163 2136 ferre
1187 2095 1366 2147 putabat,

274 2169 415 2210 Infelix
436 2178 585 2223 quanto
613 2169 785 2223 flagrans
806 2169 1010 2222 genitricis
1030 2180 1182 2208 amore.

274 2242 385 2282 Mitto
403 2241 517 2292 alios,
538 2253 634 2282 nam
655 2253 801 2294 magna
820 2241 921 2282 mihi
940 2250 1238 2292 numerosaque
1261 2237 1379 2279 turba
1398 2241 1478 2285 est,

321 2399 396 2430 524.
418 2397 487 2430 Heu
509 2397 542 2429 in
565 2398 618 2429 ed.
638 2398 728 2436 Bas„
768 2407 807 2430 en
830 2398 861 2429 in
879 2407 940 2430 ms.
961 2398 998 2435 A,
1021 2398 1056 2435 Β,
1080 2397 1113 2435 C,
1136 2397 1173 2427 D.
1195 2396 1227 2427 F.

320 2457 395 2486 525.
413 2454 587 2488 Struente
579 2464 611 2485 ln
627 2456 678 2486 ed.
698 2455 788 2493 Bas,
806 2457 969 2487 statuente
986 2464 1019 2485 111
1044 2463 1091 2484 ms
1097 2454 1162 2489 .,Α
1181 2454 1216 2489 Β,
1239 2453 1273 2490 C,

321 2514 394 2543 545.
413 2512 536 2543 Invidia
557 2511 589 2542 in
610 2511 1085 2550 011115.111υῑιΙα11111151,
1110 2511 1146 2547 Β,
1170 2511 1262 2547 C,D,

322 2572 396 2601 546.
421 2568 566 2610 chanlus
586 2568 617 2599 in
636 2569 687 2599 ed.
705 2569 776 2599 Bas.
784 2572 947 2609 ,quanlos
967 2568 999 2598 in
1022 2577 1084 2599 ms.
1105 2568 1141 2605 A,
1158 2567 1196 2605 B,
1216 2567 1249 2605 C,
1272 2567 1307 2597 D.

1298 2452 1384 2489 DF.
