1865 2959
928 219 966 224 -
997 199 1042 233 54
1069 219 1112 225 -

380 287 583 329 mortuos
603 282 815 327 omnibus
837 283 1153 342 anteponebat,
1173 288 1218 329 et
1235 283 1505 335 viventibus,
1525 298 1662 341 quan-

380 368 477 408 tum
513 365 700 421 poterat,
739 361 886 406 libens
921 361 1211 414 conferebat;
1239 363 1366 420 cujus
1396 361 1663 406 meminerat

380 441 472 485 fere
514 440 646 484 unius
666 477 676 493 ,
708 455 849 498 quum
892 441 1079 485 Romam
1120 441 1335 485 inviseret
1359 457 1369 492 ;
1414 454 1555 499 eaque
1595 445 1663 484 cst

381 519 574 563 maxima
601 519 714 571 laus,
741 532 877 577 quam
914 520 1067 562 Laurae
1088 518 1312 562 defunctae
1344 519 1498 563 tribuit
1522 535 1529 562 z
1564 519 1660 563 ani-

379 610 500 641 mam
534 596 718 655 quidem
744 598 872 656 ejus,
904 601 953 640 ut
989 596 1044 640 de
1077 596 1282 641 Africano
1318 597 1378 641 ait
1405 598 1584 650 Seneca,
1616 598 1661 642 in

379 676 560 727 eoelum,
587 675 708 720 unde
735 679 844 727 erat,
875 674 1062 719 rediisse
1087 675 1199 719 milii
1221 674 1484 733 persuadeo.

439 755 576 798 Totus
604 754 739 812 igitur
766 758 948 812 apparet
968 754 1012 797 in
1037 754 1122 797 isto
1150 757 1355 812 poemate
1377 754 1443 798 vir
1463 754 1561 807 ille,
1587 756 1661 813 qui

377 846 457 891 per
490 832 612 876 mille
639 832 882 890 opuscula,
908 831 1108 889 vulgaria
1138 832 1357 884 latinam,
1390 833 1661 889 exquisitum

379 909 558 954 diffudit
588 909 837 967 ingenium.
874 910 1020 960 Quum
1050 910 1172 954 enim
1200 912 1402 964 Africam
1422 909 1658 959 conderet,

377 1001 536 1032 omnes
556 987 707 1032 animo
729 987 886 1031 insitas
903 987 1108 1040 virtutes,
1133 987 1260 1045 quasi
1282 1000 1334 1031 ex
1355 987 1539 1041 intimo,
1564 989 1662 1033 aliis

377 1065 709 1118 attribuendas,
734 1065 1041 1124 expromebat.
1067 1065 1304 1109 Eruditum
1333 1079 1442 1110 sane
1468 1080 1518 1110 ae
1538 1070 1662 1111 veto-

378 1158 477 1188 rum
509 1143 732 1189 fautorem
757 1144 959 1203 judicare
985 1144 1112 1195 lieet,
1148 1144 1226 1202 qui
1248 1144 1332 1187 sibi
1356 1145 1588 1188 materiam
1610 1160 1663 1189 ex

378 1222 636 1266 clarissimis
651 1221 786 1266 rebus
802 1222 998 1280 antiquis
1013 1222 1144 1266 finxit
1153 1239 1163 1275 ;
1182 1223 1487 1266 Romanorum
1500 1223 1663 1267 deinde

379 1306 424 1346 et
438 1300 651 1345 Corneliae
668 1300 920 1358 preesertim
942 1301 1107 1358 gentis,
1128 1302 1203 1358 qui
1221 1301 1473 1359 Scipionem
1489 1301 1664 1345 Cartha-

378 1378 495 1437 ginis
517 1379 734 1422 victorem
752 1378 798 1421 in
818 1379 1085 1422 memoriam
1107 1382 1310 1422 nostram
1331 1393 1542 1424 revocare
1565 1384 1662 1423 stu-

383 1455 510 1508 duit;
545 1455 924 1514 philosophorum
955 1460 998 1500 et
1030 1460 1268 1514 poetarum
1298 1461 1555 1515 postremo,
1588 1458 1663 1515 qui

379 1534 523 1578 vicem
562 1534 742 1592 explere
766 1535 920 1587 Ennii,
948 1538 992 1579 et
1026 1535 1248 1579 Ciceronis
1280 1535 1505 1580 doctrinas
1538 1536 1662 1580 evol-

380 1626 484 1656 vero
514 1616 701 1656 conatus
729 1615 811 1657 est.
846 1613 904 1656 Ea
926 1616 1032 1656 suut
1054 1627 1154 1671 quae
1183 1612 1238 1656 ad
1269 1613 1532 1672 scriptorem
1559 1615 1662 1658 atti-

380 1694 516 1744 nent;
544 1692 580 1734 si
606 1694 759 1735 autem
787 1691 1022 1735 hominem
1050 1692 1201 1750 ipsum
1237 1693 1522 1750 spectaveras,
1542 1693 1662 1737 hunc

380 1769 676 1827 conspicuum
693 1769 739 1812 in
755 1783 932 1827 quaque
948 1770 1124 1828 pagina,
1143 1775 1192 1813 ut
1211 1770 1270 1814 ita
1290 1770 1450 1823 dicam,
1470 1770 1657 1815 videbis.

387 1846 592 1904 Undique
614 1847 781 1891 scilieet
802 1850 922 1905 patet
950 1847 1022 1891 1110
1044 1847 1189 1892 laudis
1209 1862 1350 1900 amor,
1377 1863 1466 1906 quo
1489 1849 1659 1893 Petrai·-

383 1926 467 1969 cha
484 1939 663 1984 semper
681 1928 895 1983 tanquam
914 1925 1200 1969 adamantina
1218 1930 1373 1970 catena
1392 1930 1546 1985 captus
1565 1931 1632 1971 est
1651 1945 1657 1970 :

384 2006 479 2046 tum
507 2003 643 2047 etiam
675 2002 877 2047 studium
904 2003 1023 2047 illius
1059 2004 1182 2048 urbis
1219 2005 1371 2048 Roma}
1406 2018 1542 2062 quam
1577 2005 1660 2049 sibi

379 2081 569 2139 patriam
586 2081 797 2139 elegerat,
819 2085 863 2125 et
883 2082 928 2124 111
946 2082 1075 2140 pejus
1093 2081 1320 2125 labantem
1340 2082 1657 2136 miserabatur,

380 2159 450 2203 cui
474 2158 660 2203 demum
687 2159 888 2218 ingentia
919 2173 1108 2204 avorum
1134 2160 1413 2218 proponebat
1438 2161 1657 2219 exempla.

379 2237 577 2281 Arcanos
604 2237 740 2281 etiam
762 2237 900 2280 animi
925 2237 994 2281 sui
1017 2241 1168 2281 motus
1192 2237 1390 2290 exhibet,
1418 2253 1559 2296 quum
1587 2239 1662 2283 So-

380 2314 617 2374 phonisba}
638 2315 799 2358 miram
825 2315 1224 2374 pulchritudinem,
1250 2316 1509 2374 repentinos
1533 2330 1659 2361 amo-

379 2406 452 2437 res
468 2396 511 2437 et
524 2393 749 2438 infelicem
767 2407 922 2437 casum
936 2393 1244 2438 blandissimis
1262 2394 1486 2438 coloribus
1505 2399 1655 2441 ornat:

381 2484 522 2529 quum
543 2471 749 2515 amicitiae
772 2472 867 2530 ipse
889 2471 1046 2523 cultor,
1082 2471 1339 2516 Africanum
1362 2472 1549 2523 extollit,
1582 2472 1656 2530 qui
