1865 2959
871 267 1081 305 -274—

328 351 509 393 Flamma
528 351 648 403 latus,
670 351 890 407 nimboque
924 366 1074 395 nocens
1099 353 1279 395 undante
1302 353 1474 407 procella

327 424 522 475 Saevierit,
544 425 698 466 mundo
719 430 861 466 notum
888 432 948 468 est
971 432 1010 468 et
1026 426 1163 468 notius
1183 427 1316 468 astris.
1538 428 1617 467 600

326 498 407 538 Nec
425 497 526 538 mihi
546 498 653 551 quod
674 498 820 540 misere
839 500 1040 541 insultans
1061 513 1170 542 nunc
1186 501 1254 542 illa
1272 501 1406 554 virago

326 568 471 622 Objieit
487 570 652 621 infitior,
675 572 893 614 candentes
911 574 1069 614 ossibus
1085 586 1200 627 agros

326 642 447 683 Italiae
461 643 660 697 terrisque
687 645 834 685 dueum
855 646 1037 698 dispersa
1053 646 1236 699 sepulcra
1259 660 1267 686 :

325 716 374 755 Et
391 715 588 769 quidquid
609 717 734 758 miser
758 730 964 758 armorum
985 717 1063 758 fert
1079 719 1256 771 impetus
1277 718 1362 760 orbi

325 789 509 829 Sustinui
531 790 710 843 solioque
729 795 844 843 pater
862 796 906 831 tu
924 802 1068 843 passus
1095 791 1142 831 ab
1166 791 1244 832 alto
1270 803 1329 832 es.
1535 793 1613 832 005

324 860 502 901 Crimina
524 862 579 902 sic
597 863 793 904 ineruisse
811 875 900 904 reor
920 875 1023 904 mea.
1049 863 1215 916 Respice
1236 862 1402 903 tandein

324 934 459 975 Mitius
479 935 663 987 afflictos,
687 941 725 977 et
746 937 778 977 si
799 949 888 978 mea
909 937 1079 978 erimina
1097 937 1283 978 nondum

323 1010 423 1048 Sunt
446 1014 611 1062 purgata
632 1010 743 1061 satis,
765 1015 832 1051 tua
854 1010 1024 1051 fulmine
1052 1010 1192 1051 dextra
1212 1022 1375 1051 corusco

321 1081 404 1121 Hoc
424 1087 543 1134 eaput
567 1082 745 1123 invisum
768 1088 807 1123 et
826 1083 1016 1136 Tarpeias
1038 1083 1221 1124 verberet
1242 1095 1367 1127 arces,

320 1154 588 1196 Hannibalem
608 1160 775 1204 avertat,
794 1158 961 1210 jamque
983 1157 1175 1198 avertisse
1191 1157 1354 1207 videris,
1533 1158 1611 1196 610

322 1228 369 1266 Et
387 1232 518 1279 grates
539 1233 675 1269 actura
690 1228 761 1269 tibi
777 1241 848 1282 pro
871 1242 1040 1270 munere
1065 1234 1178 1270 tauto

321 1299 517 1341 Advenio.
539 1301 687 1352 Timui,
710 1300 851 1353 fateor,
873 1301 1078 1355 furiasque
1095 1301 1288 1355 dolosque

321 1370 479 1412 Infandi
500 1373 612 1414 ducis
633 1379 672 1415 et
690 1374 854 1427 laqueos
878 1374 1146 1427 simulataque
1166 1373 1284 1414 bellu.

322 1444 389 1485 Ille
410 1447 561 1486 etenim
585 1459 695 1488 saera
718 1460 839 1501 quem
862 1447 1036 1501 genitrix
1067 1447 1164 1488 coelo
1185 1452 1304 1487 tenus
1329 1445 1441 1486 effert

319 1519 450 1571 Atque
465 1519 562 1572 ipsis
576 1519 718 1560 insana
739 1520 830 1561 Deis
849 1519 1113 1561 tot1audihus
1129 1523 1259 1572 {equat
1530 1520 1607 1558 615

320 1592 542 1633 Fraudibus
562 1593 801 1647 insidiisque
824 1594 951 1646 magis
973 1592 1175 1634 confidere
1194 1592 1236 1632 iu
1257 1592 1380 1632 armis

319 1666 448 1713 Quum
467 1665 614 1708 virtute
642 1666 755 1707 solet.
780 1669 943 1707 Possem
963 1666 1038 1706 sibi
1060 1665 1186 1706 multa
1207 1677 1390 1706 meorum

318 1738 477 1778 Funera
501 1743 704 1790 natorum,
726 1738 838 1779 dolor
857 1738 1043 1791 impedit,
1065 1737 1208 1778 ultima
1225 1743 1330 1779 certe

317 1810 478 1851 Saevitia
498 1816 558 1852 est
583 1823 872 1864 summumque
901 1810 1028 1862 nefus,
1050 1811 1197 1864 quibus
1219 1811 1287 1851 illa
1305 1810 1488 1864 superbit

319 1883 382 1924 Sic
399 1884 499 1924 tales
519 1885 708 1925 cecidisse
730 1884 866 1924 duces.
888 1884 967 1925 Sed
991 1888 1153 1937 tenipus
1177 1889 1313 1937 aperte
1528 1886 1606 1925 0:20

317 1958 431 1997 Nune
451 1957 611 1998 virtutis
633 1958 760 2009 adest,
777 1959 971 2010 Juveneiii
1001 1957 1042 1997 ni
1064 1957 1144 1998 sata
1163 1957 1363 1998 virentem

317 2030 444 2078 Quem
465 2043 637 2084 puerum
652 2036 766 2072 vocat
787 2031 874 2084 ipsa
893 2030 995 2071 odiis
1018 2030 1244 2071 immitibus
1264 2035 1423 2083 urgent.

364 2219 438 2251 601.
459 2218 575 2253 Misero
597 2219 627 2252 in
643 2220 698 2252 ed.
715 2220 804 2259 Bas„
821 2220 938 2252 misere
955 2219 988 2252 in
1008 2220 1161 2253 omnibus
1180 2230 1241 2253 ms.

362 2279 440 2309 606.
458 2277 541 2311 Reor
558 2278 715 2310 omissum
737 2278 770 2309 in
791 2278 844 2310 ed.
866 2278 942 2310 Bas.

362 2337 437 2367 610.
457 2334 588 2368 Everlat
607 2335 638 2367 iu
658 2336 708 2367 ed.
734 2336 820 2372 Bas..
844 2337 968 2366 avertat
987 2335 1018 2366 in
1040 2335 1191 2367 omnibus
1209 2345 1270 2367 nis.

363 2394 438 2424 616.
457 2392 584 2434 Μιιῃηιέ
600 2392 766 2425 considere
785 2392 815 2423 iu
832 2393 884 2424 cu.
901 2393 991 2431 Bas„
1009 2394 1113 2435 mugyz‘s
1132 2393 1293 2434 considere
1313 2392 1346 2424 in
1367 2392 1517 2424 omnibus
1539 2400 1599 2423 ms.

361 2451 438 2481 617.
466 2449 623 2483 Virtuti...
647 2449 706 2481 sibi
727 2449 757 2481 in
779 2450 831 2481 ed.
852 2450 939 2488 Bas„
962 2451 1123 2482 virtute...
1144 2449 1201 2482 tibi
1222 2450 1252 2481 iii
1275 2460 1339 2481 nis.
1360 2451 1399 2481 Α.

361 2508 438 2538 618.
460 2507 529 2539 Heu
550 2507 612 2539 lieu
632 2511 755 2548 quanta
776 2507 808 2539 in
824 2508 877 2540 ed.
897 2508 986 2545 Bas„
1008 2508 1125 2540 ultivza
1145 2508 1176 2539 in
1197 2508 1349 2539 omuibus
1367 2517 1425 2539 nis,

361 2564 437 2594 621.
455 2563 524 2597 Nisi
542 2563 573 2595 in
595 2565 648 2596 ed.
671 2565 758 2604 Bas„
778 2566 812 2597 m‘
829 2565 861 2597 in
881 2575 943 2598 ms.
967 2566 1003 2597 Α.
