1865 2959
815 186 1024 222 -305-

283 273 410 320 Quem
429 270 593 310 tandem
613 269 715 310 claro
741 274 852 310 tanta
876 270 1022 310 virtute
1043 269 1225 310 relictum

284 342 463 394 Scipiade
487 346 600 393 putat
619 353 705 381 esse
722 341 868 390 locum,
895 352 1022 393 quove
1042 341 1180 381 ordine
1203 352 1288 381 sese

286 417 493 462 Insereret,
515 413 546 452 si
567 411 666 452 forte
684 413 764 452 acie
788 412 961 452 victricia
986 412 1096 464 signa

286 486 411 536 (Quod
436 484 571 537 procul
592 489 771 524 avertant
792 484 932 536 Superi
947 485 973 533 i)
998 484 1209 533 tenuisset,
1231 483 1278 523 ab
1297 484 1373 524 ista

287 560 445 597 Doctus.
469 571 486 593 »
516 556 577 596 Ad
600 555 683 595 haec
698 555 827 595 Lelius
851 569 858 594 :
889 557 1027 595 «Tum
1047 554 1187 607 siquis
1213 554 1341 595 sidera
1362 554 1447 594 coeli
1479 556 1557 595 220

286 629 546 669 Dinumerare
567 627 704 667 voleus
724 627 799 667 hoc
816 627 965 679 digerat
981 626 1118 666 ordine
1140 626 1315 678 primum

285 699 525 749 Luciferum,
548 704 638 752 post
657 702 888 748 Arcturum,
910 698 1164 751 gelidumque
1186 700 1364 748 Boetem,

286 771 387 811 Hinc
407 770 504 810 alios
523 770 635 822 ignes
661 770 786 810 solem
812 769 979 810 fortasse
1000 768 1160 821 putabis

285 842 530 891 Praeterisse3
552 842 640 882 ideo
667 846 743 881 stat
761 853 830 893 per
851 852 890 881 se
911 840 1017 880 solus
1043 845 1081 881 et
1104 840 1198 880 inde

285 915 439 954 Nomen
459 913 593 963 habet,
617 925 689 953 nec
709 925 798 952 sum
816 912 979 964 ignarus
1001 911 1097 964 quid
1118 911 1286 951 callidus
1307 911 1371 951 ille
1482 913 1505 951 2
1536 914 1559 951 5

284 985 556 1038 Responderet
580 985 628 1025 ad
649 985 747 1032 haeo,
772 984 853 1024 acie
873 984 903 1023 si
934 984 1060 1024 victor
1082 983 1229 1023 abisset

288 1058 497 1107 Hesterna,
520 1056 726 1096 Macedum
752 1068 885 1108 regem
904 1056 1181 1108 Pyrrhumque
1206 1055 1402 1095 secundos

287 1131 383 1168 Esse
407 1128 480 1168 sibi
501 1133 744 1180 cunctosque
763 1128 874 1176 aiios,
902 1139 1002 1179 quos
1023 1127 1126 1167 clara
1144 1139 1214 1179 per
1230 1125 1367 1166 orbem

288 1202 409 1240 Fama
425 1200 544 1240 duces
562 1200 761 1252 loquitur3
784 1199 852 1239 sed
874 1199 982 1239 enim
1004 1211 1044 1238 se
1066 1198 1195 1238 dicere
1213 1202 1400 1250 quartum

288 1271 436 1321 Noluit,
458 1271 695 1324 erubuitque
719 1270 805 1310 aliis
822 1270 987 1311 miscere
1009 1281 1243 1322 supremum
1483 1270 1562 1309 230

289 1342 571 1396 Sideribusque
591 1343 711 1382 diem.
735 1358 752 1379 »
783 1343 846 1383 Sic
865 1342 930 1382 ille
954 1341 1094 1382 effatus
1116 1346 1154 1381 et
1175 1352 1316 1381 omnes

288 1418 505 1455 Assensere
531 1414 674 1454 animis
694 1419 874 1466 nutuque
894 1418 931 1454 ct
948 1424 1155 1453 murmure
1174 1412 1277 1452 laeto.

288 1486 449 1526 Talibus
470 1491 588 1538 atque
606 1485 692 1525 aliis
711 1490 870 1526 noctem
893 1484 1146 1525 sermonibus
1165 1484 1274 1524 illam

289 1561 519 1598 Iusomnem
543 1563 698 1597 traxere
717 1557 799 1597 diu.
821 1559 992 1609 ,Jamque
1015 1557 1215 1608 Hesperus
1237 1555 1315 1595 alto

289 1632 440 1671 Mersus
461 1634 543 1670 erat
563 1629 715 1681 pelago,
736 1629 997 1680 mediumque
1015 1628 1188 1668 rotunda
1214 1626 1412 1679 profundo
1485 1628 1562 1666 ⁶235

288 1701 515 1742 Transierat
530 1702 614 1753 Jam
633 1701 730 1741 luna
749 1700 884 1752 polum
911 1714 918 1739 :
940 1705 1036 1740 tunc
1057 1699 1234 1751 undique
1253 1698 1404 1751 passim

288 1772 441 1813 Defessi
465 1772 507 1812 in
526 1772 643 1813 viridi
663 1773 871 1824 deponunt
893 1783 1033 1823 aggere
1054 1770 1249 1811 membra.

289 1844 353 1885 Sic
372 1844 440 1885 ubi
458 1844 583 1884 tristis
603 1856 695 1896 apes
718 1844 815 1884 coelo
841 1843 1042 1883 commisit
1062 1848 1198 1895 aperto

290 1919 466 1969 Impetus
486 1921 524 1956 et
548 1927 703 1968 magnae
723 1915 839 1956 credis
857 1915 959 1968 pluit
982 1914 1106 1955 aether
1125 1925 1302 1964 acervos,

1509 913 1531 952 [θ

335 2068 410 2098 219.
429 2066 627 2099 Meminisset
647 2066 679 2098 in
705 2067 757 2097 ed.
778 2067 865 2105 Bas,
887 2066 1039 2098 tenuisset
1079 2064 1112 2096 in
1133 2064 1281 2096 omnibus
1296 2073 1358 2096 ms.

334 2126 410 2155 220.
432 2124 592 2156 Paetus...
616 2127 650 2155 tu
668 2123 701 2154 in
716 2124 768 2154 ed.
793 2123 879 2161 Bas,
902 2123 1013 2154 doetus
1031 2123 1064 2154 in
1091 2122 1240 2155 omnibus
1258 2131 1341 2161 ms.·‚
1365 2123 1435 2153 tum
1452 2119 1566 2163 (corr.)

288 2180 319 2212 in
341 2189 402 2211 ms.
421 2181 446 2211 A
465 2189 522 2220 pro
545 2184 580 2212 tu
601 2183 633 2212 et
649 2180 725 2212 inde
746 2180 778 2211 in
801 2179 885 2210 aliis.

333 2239 410 2268 223.
431 2236 489 2268 Hic
508 2237 542 2268 in
561 2237 614 2268 ed.
634 2237 722 2273 Bas„
741 2236 816 2268 hinc
836 2236 869 2267 in
892 2236 1041 2267 omnibus
1062 2245 1124 2267 ms.

333 2294 408 2324 224.
434 2292 501 2325 Uno
525 2293 557 2325 in
574 2295 626 2325 ed.
649 2294 738 2331 Bas„
763 2293 834 2324 ideo
857 2293 890 2324 in
913 2302 973 2323 ms.
996 2293 1033 2330 A,
1053 2293 1088 2329 Β,
1110 2292 1144 2329 C,
1166 2292 1203 2329 D,
1222 2291 1256 2322 E.

333 2351 410 2381 230.
430 2349 513 2381 Allis
533 2349 565 2381 in
581 2351 633 2382 ed.
655 2350 747 2388 Bas,
767 2349 840 2381 aliis
860 2349 974 2390 (corr.)
991 2349 1023 2380 in
1046 2358 1105 2379 ms.
1129 2349 1165 2379 A.
1189 2350 1221 2379 et
1240 2347 1316 2378 inde
1336 2346 1369 2378 in
1391 2355 1451 2378 ms.
1475 2346 1509 2384 Β,
1531 2346 1564 2384 C,

289 2406 326 2437 D.
346 2405 524 2447 Superbum
545 2406 577 2437 in
596 2407 647 2438 ed.
666 2407 753 2444 Bas„
771 2414 958 2447 supremum
981 2405 1013 2436 in
1036 2414 1098 2436 ms.
1120 2406 1158 2442 A,
1181 2405 1217 2443 B,
1238 2404 1272 2443 C,
1294 2405 1331 2442 D,
1354 2403 1387 2435 F.

336 2465 411 2494 236.
439 2462 480 2495 Te
499 2464 532 2494 in
549 2465 601 2494 ed.
624 2464 713 2501 Bas..
733 2467 809 2495 tunc
829 2463 862 2494 in
882 2462 1033 2495 omnibus
1054 2471 1114 2493 ms.

1330 2522 1378 2558 20
