1865 2959
849 315 892 321 -
920 294 990 329 3⁴56
1017 315 1061 321 —

303 379 402 419 Nam
427 383 466 418 te
488 383 723 419 nascentem
744 390 960 420 nemorum
982 392 1052 432 per
1080 391 1202 432 opaca
1222 380 1300 421 sub
1323 381 1490 422 umbras

303 450 535 502 Suscepisse
560 451 643 491 suis
668 450 791 501 ulnis,
813 457 852 492 et
870 451 970 492 lacte
998 452 1191 503 nutrisse,

301 524 349 561 Et
369 534 549 562 servasse
563 522 698 572 refert,
723 523 884 576 verique
901 524 1119 576 crepundia
1141 529 1265 565 testes

304 594 480 646 Margine
503 594 709 646 gramineo
730 595 1029 642 demonstrans,
1059 601 1178 648 atque
1197 596 1377 647 parentis
1544 601 1596 638 55

308 666 514 706 protendit
533 679 724 707 mansura
744 667 811 707 diu
832 668 999 720 vestigia
1019 668 1169 720 magni,

306 740 390 787 Quo
405 739 528 791 jussit
553 739 743 789 movisse,
771 739 954 780 animuin
975 740 1161 793 viresque
1180 741 1352 789 dedisse,

307 811 555 864 Tinnituque
580 811 655 851 sibi
676 811 809 864 gracili
834 812 1014 852 tenuisse
1038 813 1197 852 canenti

307 884 555 934 Conceptum
576 883 806 935 pulchrum,
830 884 927 923 dum
945 889 983 923 te
1004 896 1164 936 quoque
1184 884 1362 937 gigneret
1392 884 1503 924 olim.

308 954 453 995 Albula
475 955 532 995 sic
554 954 717 1003 fluvius,
741 956 914 1008 populus
940 956 995 995 sic
1021 956 1152 996 onmis
1174 961 1213 996 et
1237 968 1378 996 omnes
1547 960 1598 997 60

307 1028 397 1067 Heu
418 1040 602 1079 proceres
619 1028 731 1067 urbis
752 1029 904 1068 circum
928 1028 1123 1080 Capitolia
1143 1027 1352 1077 frendunt,

308 1101 356 1138 Et
374 1099 445 1139 tibi
466 1112 570 1139 szeva
589 1100 738 1140 timent
763 1101 896 1140 cuncti
917 1100 1090 1140 convitia
1109 1100 1251 1141 flentes
1270 1115 1278 1150 ;

306 1173 442 1224 Teque
462 1178 620 1221 vocant,
644 1172 896 1225 suadentque
919 1172 1072 1225 fugam,
1095 1172 1281 1225 votisque
1299 1178 1512 1225 precantur

308 1244 359 1283 Ut
382 1248 420 1283 te
442 1243 642 1296 subripias
667 1244 766 1297 igni,
795 1244 1025 1297 sanctisque
1045 1249 1208 1284 tuorum

308 1317 363 1355 Te
384 1316 572 1356 inanibus
593 1317 745 1365 credas,
770 1316 912 1369 longos
931 1317 1084 1357 victura
1104 1329 1173 1369 per
1193 1328 1321 1356 annos
1341 1331 1348 1365 ;
1545 1318 1596 1355 65

309 1390 352 1427 lu
373 1388 568 1441 sedesque
587 1388 687 1428 velis
707 1393 842 1429 tecum
862 1400 1051 1429 revocare
1071 1389 1221 1440 priores

307 1460 506 1500 Ausonias
529 1462 678 1509 Musas,
703 1465 939 1513 septemque
959 1461 1134 1501 revisere
1156 1460 1292 1509 colles,

308 1534 440 1584 Atque
460 1533 524 1585 pio
551 1537 670 1572 cantu
692 1532 834 1573 saltem
854 1545 1033 1574 recreare
1054 1533 1208 1581 ruinas,

308 1603 463 1644 Tollere
478 1604 511 1644 si
529 1616 721 1657 nequeas,
750 1610 789 1644 et
812 1605 991 1657 priscum
1010 1617 1161 1645 nomen
1183 1617 1365 1646 avorum.

308 1678 366 1715 Ex
392 1688 493 1716 urna
514 1677 652 1726 veteri,
669 1679 784 1730 quus
804 1683 847 1717 tu
869 1678 1035 1730 grandia
1055 1682 1192 1718 cantas
1547 1680 1597 1717 70

309 1748 430 1799 Bella,
459 1749 533 1788 viri
547 1749 702 1790 cineres
726 1749 919 1790 emittunt
941 1750 1067 1790 mixta
1082 1750 1256 1802 querelis

307 1820 451 1871 Verba,
477 1821 624 1874 quibus
643 1822 825 1874 requiem
847 1827 1035 1874 poscunt,
1052 1822 1310 1875 humilesque
1328 1826 1530 1874 perorant,

309 1895 416 1933 Neve
436 1893 541 1946 rogis
568 1894 762 1934 mandare
782 1894 884 1934 velis
907 1906 1028 1947 quam
1054 1894 1231 1934 carmine
1247 1894 1395 1934 faniam

310 1966 477 2005 AEterno
498 1978 684 2016 renovas,
708 1966 940 2019 iterumque
959 1978 1030 2019 per
1053 1967 1163 2007 invia
1182 1966 1325 2007 mundi

312 2037 439 2078 Exilio
459 2037 636 2091 relegare
658 2050 814 2089 senem,
844 2038 947 2079 clara
969 2043 1087 2092 atque
1108 2044 1274 2091 tropaea.
1548 2040 1598 2077 75

312 2109 498 2150 Euboicae
517 2122 638 2162 rupes
654 2114 693 2150 et
714 2110 863 2150 circum
889 2110 1023 2151 littora
1044 2111 1148 2150 Baiis

313 2182 453 2223 Sirene
479 2183 669 2235 scopulis,
694 2182 848 2223 Baccho
869 2188 1086 2236 gratusque
1105 2184 1285 2223 Vesevus

311 2255 515 2294 Emittunt
534 2266 676 2294 omnes
700 2255 875 2306 gemitus
894 2255 965 2295 tibi
988 2255 1087 2295 dura
1108 2255 1325 2303 timentes3

312 2328 638 2379 Marinoreosque
656 2327 763 2367 inter
781 2326 933 2379 lapides
961 2327 1244 2380 sculptumque
1259 2326 1488 2378 sepulcrum

311 2398 497 2438 Tritones
518 2398 713 2447 referunt,
738 2410 814 2438 vox
837 2398 887 2438 sit
905 2399 1040 2439 andita
1054 2398 1218 2439 Roberti
1545 2402 1597 2438 80

312 2470 557 2522 Magnanimi
577 2471 682 2523 regis
702 2475 889 2523 repetens
903 2470 1104 2522 promissa
1124 2470 1361 2517 petrarchae,

314 2542 364 2581 Ut
388 2553 458 2583 sua
478 2542 548 2592 sis,
568 2554 799 2594 nomenque
821 2553 940 2581 suum
962 2554 1030 2594 per
1051 2541 1194 2582 saaecula
1213 2554 1363 2592 serves,
