1865 2959
725 602 1071 648 APPENDIX
1122 606 1179 648 V.

337 839 549 888 NOTITIA
584 843 859 891 VARIORUM
894 845 1131 895 CODICUM
1170 848 1234 896 ET
1266 849 1559 902 EDITIONUM

641 963 778 995 QUIBUS
809 963 1056 993 INSCRIBITUR
1085 967 1243 996 AFRIGA.

360 1312 463 1350 [nter
489 1310 562 1350 hos
596 1323 665 1351 sex
693 1312 846 1352 codices
875 1314 941 1365 qui
974 1320 1120 1355 nostrae
1145 1316 1309 1357 editioni
1335 1318 1578 1370 profuerunt

303 1380 586 1430 instaurandae,
610 1384 902 1435 autographum
923 1386 1143 1427 Petrarchae
1162 1389 1380 1441 exemplar,
1408 1391 1576 1443 quibus-

303 1451 394 1490 dam
419 1453 535 1493 certis
557 1454 680 1506 signis
708 1447 802 1495 sane
820 1458 1135 1508 agnoscendum,
1171 1471 1373 1512 nusquam
1403 1464 1576 1515 reperire

300 1522 403 1563 licet.
429 1526 527 1574 11110,
552 1537 781 1578 quanquam
821 1527 908 1567 aliis
950 1529 1161 1579 vetustior,
1190 1536 1280 1582 post
1319 1533 1574 1574 Petrarcham

300 1600 503 1635 mortuum
524 1598 791 1650 transcriptus
816 1599 903 1651 ipse
933 1600 1033 1640 mihi
1054 1601 1212 1642 videtur
1236 1603 1360 1643 codex
1382 1605 1430 1645 A.
1454 1605 1570 1654 (Bibl.

299 1667 485 1706 Laui-ent.
515 1667 639 1718 Flor.)

350 1739 444 1777 Con.
462 1740 509 1778 A.
530 1738 596 1779 Ille
616 1739 845 1781 chartaceus
861 1743 948 1782 cod.
967 1742 1122 1783 in-folio
1146 1745 1278 1785 saeculi
1297 1757 1369 1785 xiv
1387 1748 1570 1789 exeuntis

296 1808 368 1848 hac
407 1809 699 1862 subscriptione
731 1812 929 1853 clauditur
968 1827 976 1853 :
1009 1814 1151 1867 Africa
1189 1815 1339 1855 domim¹
1369 1818 1572 1858 From-isca*

295 1878 532 1930 petrarchae,
555 1881 722 1921 laureati
734 1889 870 1934 poetae,
890 1884 1054 1936 feliciter
1073 1886 1247 1939 explicit,
1261 1888 1404 1940 scripta
1418 1902 1492 1942 per
1510 1904 1569 1931 me

295 1950 618 1992 Barlholomoeum
645 1954 756 1993 Petri
782 1955 826 1994 de
852 1955 993 1996 Sancto
1015 1956 1256 2009 Geminium,
1278 1959 1456 1999 districtu
1480 1961 1518 2000 F
1518 1962 1566 2001 lo-

292 2023 440 2063 rentz'oe.
463 2047 514 2053 —
532 2027 664 2065 ΑΜΕΝ.
693 2027 817 2075 Quem
845 2028 1021 2069 codicem
1041 2041 1087 2069 ex
1104 2029 1178 2070 hoc
1194 2037 1357 2083 apparet
1379 2044 1429 2073 ne
1450 2033 1565 2074 illuni

291 2094 453 2145 quidem
478 2107 564 2135 esse
589 2108 611 2135 a
636 2097 794 2138 Nicolao
818 2099 964 2139 Niccoli
989 2101 1094 2152 apud
1114 2101 1328 2142 Pataviuos
1346 2105 1564 2158 transcrip-

290 2169 377 2204 tum
399 2166 491 2215 (vid.
517 2167 565 2206 ad
587 2167 748 2218 calcem,
766 2181 855 2222 pag.
886 2173 992 2222 387),
1015 2172 1107 2212 dein
1133 2184 1155 2212 a
1177 2173 1345 2214 Collutio
1363 2175 1468 2216 intra
1481 2181 1562 2217 tres

290 2235 373 2275 dies
393 2237 628 2288 perlectum.
651 2239 758 2279 Idem
779 2240 944 2294 insuper
964 2247 1132 2295 septem,
1154 2256 1236 2285 11011
1259 2246 1444 2287 undecim
1467 2260 1561 2300 qua-

289 2306 455 2347 ternulis
472 2314 624 2349 constat
640 2324 650 2360 3
668 2322 799 2363 neque
814 2312 922 2353 huno
935 2314 1176 2355 versiculum
1189 2318 1366 2358 continet
1378 2319 1519 2370 eclogae
1535 2331 1558 2359 x

283 2379 552 2430 jungendum,
571 2393 690 2433 quem
722 2384 943 2424 Petrarchae
969 2385 1011 2425 in
1039 2387 1219 2440 margine
1237 2389 1269 2428 A
1277 2389 1404 2441 fre'coe‚
1421 2396 1559 2442 utpote

285 2448 363 2489 fido
400 2450 485 2491 loco
527 2453 764 2505 repositum,
801 2456 1011 2509 scripserat
1051 2460 1176 2508 (Var.,
1216 2463 1321 2511 XLV).
1359 2463 1555 2503 Caeterum
