1865 2959
700 601 1044 646 APPENDIX
1092 601 1191 644 III.

393 841 459 874 AD
498 839 809 874 COLLUTIUM
847 839 1071 873 PIERIUM
1105 839 1170 871 DE
1210 836 1499 876 STIGNANO,

666 938 913 960 CANCELLARIUM
937 937 1225 963 FLORENTlNORUM,

308 1035 411 1069 QUOD
432 1035 563 1062 AFRICA
586 1035 662 1061 NON
682 1035 774 1061 ERAT
794 1034 937 1061 EDENDA
957 1034 1117 1060 VIVENTE
1136 1033 1337 1060 FRANCISCO
1356 1032 1582 1066 PETRARCHA,

496 1100 685 1127 LAUREATO
708 1100 847 1135 POETA,
870 1100 1030 1126 EJUSDEM
1051 1099 1191 1125 AFRICAE
1214 1099 1392 1132 AUCTORE,

428 1210 878 1251 REFRAGATORIA
918 1209 1134 1250 INCIPIT
1174 1208 1461 1249 EPISTOLA.

713 1530 1165 1563 ARGUMENTUM.

348 1653 413 1684 Hoc
433 1652 627 1692 opusculum
645 1652 725 1684 olim
742 1652 773 1684 in
795 1652 924 1684 abbatia
940 1651 1127 1684 Florentino
1144 1652 1270 1683 Sanctae
1287 1649 1409 1689 Murice,
1431 1649 1529 1682 bodie
1551 1650 1582 1681 ἰιι

301 1710 498 1742 bibliotheca
526 1710 741 1741 Laurentiana
763 1710 827 1751 (n02
853 1710 1016 1749 2618-79)
1037 1712 1213 1746 servatum,
1237 1709 1417 1740 Lomhardo
1439 1718 1453 1739 a
1472 1708 1583 1740 Serico

301 1768 412 1798 Mehus
432 1766 588 1798 attribuit.
612 1766 669 1798 Cui
687 1767 786 1804 enim,
811 1777 851 1799 ex
870 1766 986 1798 litteris
1006 1766 1148 1803 Collutii,
1171 1765 1303 1797 missam
1322 1765 1423 1797 fuisse
1444 1764 1581 1797 Metram

302 1823 522 1855 imitatorium
550 1823 646 1854 modo
667 1824 900 1864 comperimus.
923 1824 1015 1854 Solus
1035 1823 1119 1853 inter
1139 1823 1330 1859 Patavinos‚
1352 1824 1461 1861 utpote
1482 1822 1582 1852 libro-

300 1890 371 1912 rum
398 1881 579 1912 Petrarchae
599 1883 730 1919 custos,
759 1883 852 1912 norat
876 1891 916 1912 an
940 1880 1015 1921 jure
1035 1881 1163 1912 edenda
1186 1879 1270 1912 soret
1287 1879 1414 1917 Africa,
1444 1878 1583 1918 ideoque

300 1940 387 1971 solus
407 1939 463 1979 qui
480 1938 624 1979 precanti
644 1939 782 1970 Collutio
803 1939 1015 1978 responderet
1032 1938 1182 1970 idoneus.

345 1997 546 2028 Publieatum
571 1998 619 2028 est
637 1996 704 2036 jam
726 1997 805 2027 illud
825 2005 958 2027 carmen
979 2006 997 2026 a
1022 1996 1175 2027 Zaccaria
1194 2005 1201 2025 τ
1225 1995 1290 2028 Iter
1310 1994 1508 2027 litterarium
1524 2003 1584 2037 per

299 2054 429 2086 Italiam
449 2053 487 2086 ab
507 2062 592 2086 anno
618 2062 760 2086 Mnccmn
784 2053 827 2085 ad
850 2062 974 2085 annum
994 2060 1158 2085 MDCCLvu.
1176 2070 1218 2077 —-
1233 2052 1377 2084 Veneliis
1391 2077 1399 2090 ‚
1424 2053 1524 2091 1762,
1542 2070 1580 2077 -

298 2121 373 2154 pag.
397 2113 458 2142 347
480 2115 513 2144 et
533 2121 604 2152 seq.

295 2245 473 2285 Auribus
497 2245 687 2285 adsonuit
704 2257 782 2285 vox
801 2244 1131 2297 perceleberrima
1147 2244 1313 2284 tandem

297 2319 396 2367 Huc,
416 2317 485 2357 ubi
510 2317 653 2357 siderei
677 2316 788 2368 vigor
808 2321 868 2356 est
884 2315 1172 2356 moderaminis
1192 2315 1302 2355 orbis

295 2390 344 2428 Et
363 2393 526 2428 cunctos
546 2393 756 2440 penetrare
779 2387 892 2440 polos
914 2392 1055 2427 conata
1076 2386 1237 2438 petebat

296 2459 499 2511 Scipiados
519 2464 735 2511 conquesta
755 2471 888 2499 moras
907 2458 1131 2515 {telumque
1157 2457 1368 2509 periclum.
