1865 2959
801 239 1011 274 —101-

267 328 408 378 Magna
427 324 544 377 patri,
568 323 704 376 patriae
723 324 867 375 maJ'or,
890 323 959 364 sed
980 323 1157 364 maxima
1176 335 1335 364 summo

266 401 322 438 Ac
339 395 512 449 perfecta
527 398 631 445 Deo;
661 395 806 447 quibus
825 400 1015 435 exornata
1032 395 1206 447 profecto

266 469 357 508 Vita
376 468 439 507 via
460 468 501 507 in
516 467 662 507 eoelum
688 472 762 516 est,
785 479 874 518 quae
900 479 971 506 vos
991 467 1070 506 huc
1088 467 1246 507 tramite
1268 471 1372 507 recto

265 543 377 580 Tune
396 539 576 589 revehat,
595 551 686 579 oum
713 550 871 578 summa
894 538 977 579 dies
993 538 1186 579 exemerit
1203 539 1310 578 istud

265 611 402 651 Carnis
420 622 538 660 onus,
563 622 753 662 puraeque
780 610 957 650 animam
977 610 1243 650 transmiserit
1259 622 1380 650 auree.

265 685 347 722 Hoc
365 682 484 722 etiam
509 682 745 722 meminisse
767 682 887 722 veiim
913 695 921 721 t
942 681 998 721 nil
1019 681 1169 733 gratius
1186 681 1242 720 illi

263 754 337 802 Qui
358 754 504 794 ooelum
524 759 729 806 terrasque
750 753 865 805 regit,
888 753 1134 805 dominoque
1155 752 1354 805 patrique,

264 825 429 866 Actibus
448 838 496 866 ex
516 825 675 875 vestris,
699 837 822 878 quam
839 825 961 877 Justis
980 825 1136 876 legibus
1156 825 1276 864 urbes

264 897 565 949 Coneiliumque
584 897 799 937 hominum
823 896 1016 936 sociatum
1039 895 1212 936 nexibus
1232 894 1371 948 eequis.

263 969 450 1021 Quisquis
470 969 577 1009 enim
599 968 758 1020 ingenio
780 968 951 1020 patriam
973 980 1043 1008 seu
1062 967 1215 1008 viribus
1237 967 1314 1007 alte

264 1040 492 1091 Sustulerit‚
516 1040 767 1092 sumptisque
787 1051 1018 1091 oppressam
1034 1039 1185 1091 jiiverit
1204 1038 1342 1089 armis,

264 1112 335 1152 Hio
354 1116 506 1152 certum
527 1111 613 1151 sine
633 1111 712 1151 fine
732 1111 867 1151 iocum
885 1111 927 1150 in
946 1111 1107 1163 regione
1128 1122 1269 1151 serena

262 1187 452 1236 Expectet
470 1195 652 1236 veraeque
673 1188 779 1236 petat
805 1183 879 1223 sibi
903 1183 1068 1235 praemia
1088 1183 1193 1233 vitae,

262 1256 423 1296 Justitia
446 1260 645 1295 statuente
665 1255 761 1304 Dei;
785 1267 872 1308 quae
892 1267 964 1294 neo
989 1254 1084 1307 quid
1101 1254 1277 1294 inuitum

262 1330 342 1368 Nec
363 1328 515 1380 premio
537 1327 710 1368 caruisse
727 1327 836 1367 sinit.
859 1341 877 1364 »
904 1327 967 1367 Sic
984 1326 1104 1376 fatus,
1126 1325 1273 1366 amoris

262 1400 532 1452 Admovitque
550 1398 653 1439 faces
671 1398 786 1439 avido
808 1398 1072 1450 stimulosque
1090 1397 1242 1450 nepoti.

262 1473 360 1510 Ecce
380 1475 515 1511 autem
534 1470 685 1510 interea
703 1470 939 1510 venientum
962 1470 1092 1520 turba,
1114 1481 1188 1509 neo
1209 1469 1278 1509 ulli

263 1544 363 1582 Nota
380 1541 455 1582 fuit
473 1541 592 1582 facies
610 1556 618 1581 ;
642 1541 805 1582 habitus
826 1546 963 1583 tamen
983 1542 1173 1581 omnibus
1195 1552 1318 1590 unus,

264 1614 507 1666 Sidereoque
526 1613 625 1654 levis
645 1613 821 1666 fuigebat
842 1614 995 1653 lumine
1014 1614 1200 1654 amiotus,

263 1687 442 1738 Augusta
462 1685 576 1738 pauci
600 1685 737 1738 procul
757 1697 897 1725 omnes
917 1684 1047 1725 fronte
1068 1685 1278 1737 praeibant,

262 1759 354 1798 ⁷Jam
374 1757 564 1810 senioque
585 1770 724 1811 graves
744 1763 782 1798 et
806 1759 1016 1810 majestate
1043 1758 1225 1798 verendi.

310 1891 385 1921 485.
407 1889 516 1932 Magni
535 1891 569 1922 in
590 1892 641 1922 ed.
658 1891 748 1928 Bas„
769 1899 888 1932 magna
916 1890 949 1921 in
971 1899 1033 1921 ms.
1056 1890 1094 1929 Α,
1109 1890 1146 1928 Β,
1162 1891 1198 1929 C,
1218 1891 1257 1928 Ι),
1277 1890 1311 1920 F.

310 1948 386 1978 488.
408 1947 495 1979 Illud
511 1957 569 1988 pro
591 1947 679 1979 istud
699 1947 733 1978 in
753 1956 814 1978 ms.
836 1948 874 1978 A.

311 2006 385 2035 490.
405 2003 565 2036 Monuisse
585 2014 643 2045 pro
664 2004 849 2036 meminisse
869 2004 902 2035 in
924 2013 986 2034 ms.
1006 2003 1040 2040 E,
1060 2004 1081 2033 F
1101 2005 1132 2034 et
1153 2004 1205 2034 ed.
1231 2003 1302 2034 Bas.

309 2062 385 2092 491.
409 2060 604 2102 Terramque
626 2071 683 2102 pro
706 2063 871 2101 terrasque
893 2060 924 2091 in
947 2070 1007 2091 ms.
1030 2060 1067 2098 B,
1086 2060 1120 2098 C,
1142 2062 1178 2091 D.

310 2119 387 2148 492.
408 2117 533 2150 Nostris
550 2118 583 2149 in
606 2119 658 2150 ed.
682 2118 770 2155 Bas.‚
792 2117 906 2149 vestris
927 2116 959 2147 in
979 2126 1041 2148 ms.
1062 2117 1101 2155 Α,
1122 2117 1158 2154 Β,
1180 2117 1214 2154 C,
1237 2117 1274 2148 D.

314 2175 390 2205 495.
412 2173 577 2214 Asijuz⁷erit
599 2184 657 2215 pro
668 2175 792 2215 juverit
814 2173 846 2204 in
865 2182 928 2204 ms.
950 2175 984 2205 F.

311 2233 388 2262 499.
411 2231 523 2263 Prelio
544 2231 577 2262 in
599 2231 652 2262 ed.
672 2232 761 2269 Bas„
781 2231 909 2272 premio
930 2230 962 2261 in
980 2230 1132 2262 omnibus
1154 2239 1214 2261 ms.

1463 326 1543 364 485

1467 683 1544 721 490

1468 1040 1546 1078 495

1470 1400 1548 1437 ,500

313 2289 388 2319 500.
408 2288 465 2319 Hic
486 2287 680 2328 interjecere
700 2287 842 2319 editores
863 2288 1059 2319 Basilienses
1078 2290 1204 2328 septem
1224 2295 1337 2318 versus
1357 2287 1432 2316 ante
1452 2295 1547 2316 cons-

265 2345 388 2385 criptos
410 2345 451 2385 (v.
472 2345 650 2386 371-377),
673 2355 812 2385 quorum
833 2355 897 2377 non
923 2348 973 2376 est
998 2345 1049 2376 hic
1079 2346 1189 2383 locus;
1211 2344 1350 2383 ideoque
1370 2344 1467 2374 verba
1486 2342 1547 2373 ali-

267 2405 345 2442 quot
371 2404 592 2441 mutaverunt,
621 2412 722 2433 unum
753 2411 884 2433 versum
906 2402 1115 2438 addiderunt,
1136 2403 1179 2433 ita
1200 2405 1235 2432 ut
1259 2401 1392 2441 quidam
1414 2400 1496 2431 foret
1516 2400 1547 2430 in

269 2458 443 2490 sententiis
463 2458 638 2491 continuus
665 2459 759 2491 ordo.
792 2459 867 2491 Haec
899 2458 1001 2500 igitur
1035 2458 1068 2490 in
1091 2459 1143 2489 ed.
1172 2458 1244 2489 Bas.
1278 2458 1433 2499 leguntur
1462 2456 1549 2490 inter

266 2525 297 2547 v.
316 2517 377 2547 500
395 2518 427 2547 et
443 2517 499 2547 501
521 2525 528 2546 :
