1865 2959
836 231 1047 267 -0205—

300 317 505 365 Verberat,
528 320 566 356 et
587 315 725 356 claudo
746 327 975 367 quanquam
994 315 1094 367 pede
1113 314 1196 354 visa
1212 313 1372 366 fugaces

299 388 509 428 Prcevenit.
531 386 738 426 Interdum
762 386 956 427 scelerum
974 390 1172 439 spectator
1190 385 1237 426 ab
1259 386 1336 426 alto

300 459 555 510 Perfidiaeque
575 460 694 506 Dens,
715 469 944 510 quanquam
964 457 1035 497 tibi
1061 456 1193 497 fabula
1215 469 1318 497 vana
1337 461 1411 507 est,

299 529 512 578 Hannibal,
536 541 622 569 esse
640 531 780 569 Deum.
806 529 967 577 Quoties
986 528 1209 568 rubicunda
1230 534 1403 569 cruentae

300 602 447 642 Littora
465 600 675 653 pulsarunt
690 600 887 652 absorptis
906 599 1098 640 classibus
1115 600 1255 639 nndre!
1498 602 1575 640 380

300 673 458 712 Viscera
476 672 696 711 bellantum
711 671 846 724 pelago
870 676 965 724 quot
984 683 1119 723 sparsa
1139 676 1331 711 natarunt
1348 673 1356 710 l

301 746 402 793 Quot
420 749 570 783 truncre
589 748 655 783 aut
674 743 810 783 lacerae
827 743 1001 783 afflictim
1025 755 1144 795 super
1164 754 1323 795 aequora
1342 746 1517 795 puppes!

300 818 402 865 Quot
417 816 508 855 tabo
526 815 725 855 undantes
745 820 843 854 {estu
860 816 1035 867 jactante
1059 815 1225 854 carinae!

299 889 400 936 Quot
423 887 548 939 clypei
568 892 606 926 et
629 891 730 926 tetro
751 886 945 926 stillantes
968 885 1161 938 sanguine
1179 890 1313 938 postes
1333 887 1342 925 !

297 958 433 998 Credis
453 957 582 997 adhuc
602 970 681 997 uon
701 969 788 997 esse
809 959 936 997 Deum
954 959 962 996 !
985 957 1047 997 Sic
1068 962 1225 1009 pectore
1250 969 1412 1009 prorsus
1494 959 1573 997 385

295 1031 428 1083 Egatis
447 1030 596 1070 abrasit
614 1042 695 1070 non
715 1030 890 1070 multum
912 1041 1065 1070 annosa
1084 1034 1279 1070 vetustas.

296 1103 361 1141 Bis
379 1101 489 1154 prius
508 1101 722 1141 adversum
739 1113 813 1141 nos
838 1113 948 1141 arma
967 1100 1139 1140 nefanda
1158 1101 1321 1151 tulistis,

296 1176 455 1227 Nosque
477 1174 648 1214 lacessiti
669 1185 827 1225 semper
847 1173 1043 1225 sociisque
1061 1171 1242 1212 faventes

300 1246 341 1285 Id
363 1245 515 1285 meritis
536 1250 672 1286 contra
693 1245 878 1285 stetimus
899 1249 1047 1284 certare
1063 1244 1201 1284 coacti.

299 1319 377 1356 Nos
396 1316 521 1369 pietas
539 1317 742 1369 quondan]
760 1316 902 1357 Siculis
922 1327 1150 1356 succurrere
1167 1316 1303 1367 Jussit,
1498 1319 1574 1356 390

296 1391 410 1429 Nunc
434 1393 567 1428 antem
588 1389 790 1440 Hispanis,
812 1389 854 1428 in
875 1400 974 1440 quos
995 1393 1062 1427 tna
1084 1388 1260 1428 maxima
1279 1392 1476 1440 quantum

297 1460 456 1500 Saevitia
479 1460 626 1500 exarsit
648 1460 760 1500 dolor
779 1460 1012 1500 meminisse
1030 1460 1250 1512 pudorque.

298 1535 391 1573 Sera
417 1533 538 1572 nimis
562 1532 721 1571 miseris
746 1531 934 1584 quoniam
957 1534 1136 1572 Romana
1158 1531 1320 1571 fuerunt

294 1605 452 1646 Auxilia
473 1610 591 1657 atque
611 1604 752 1656 ingens
777 1603 943 1643 infamia
965 1609 1102 1643 nostra
1122 1605 1345 1656 Saguntum
1365 1608 1439 1643 est.

293 1678 345 1717 At
364 1679 484 1726 Deus,
503 1676 569 1716 ille
587 1679 709 1726 Deus,
731 1688 852 1728 quem
869 1688 938 1716 vos
959 1676 1234 1726 contemnitis,
1253 1687 1386 1728 {equas
1496 1676 1574 1715 305

296 1748 433 1800 Exegit
458 1760 596 1800 poenas
619 1748 790 1797 meritis,
813 1747 985 1799 bellique
1007 1747 1149 1799 prioris

298 1821 436 1860 Exitus
456 1820 521 1860 ille
541 1819 612 1859 fuit
635 1832 755 1871 quein
774 1831 844 1859 vos
863 1820 1038 1868 sensitis,
1060 1824 1099 1858 et
1118 1819 1224 1858 illem

298 1892 426 1943 Hujus
443 1891 531 1941 erit,
552 1891 628 1930 nisi
643 1892 751 1943 justa
771 1893 896 1930 Deum
918 1891 1093 1930 vindicta
1113 1890 1263 1942 fatigat.

299 1963 337 2002 Si
359 1975 435 2015 qua
458 1968 594 2002 tamen
615 1963 747 2002 medio
768 1962 937 2002 tulimus
960 1974 1046 2014 quae
1073 1961 1200 2001 multa
1220 1961 1393 2002 fatemur

302 2035 488 2082 Vulnera,
509 2034 688 2085 permisit
705 2033 838 2073 forsan
859 2033 1110 2073 rectissimus
1135 2033 1239 2072 ultor
1497 2035 1574 2071 400

297 2107 496 2144 Exercens
516 2117 771 2157 purgansque
793 2106 894 2157 pios,
920 2106 988 2145 sed
1014 2106 1141 2157 prisca
1167 2105 1365 2157 relinquo.

341 2220 416 2250 376.
435 2218 529 2250 Jussa
551 2219 582 2250 in
609 2220 661 2250 ed.
693 2220 780 2257 Bas„
802 2220 869 2251 visa
907 2221 939 2251 iu
961 2229 1023 2251 ms.
1047 2220 1084 2258 Α,
1107 2220 1143 2256 B,
1167 2219 1199 2253 C.
1218 2220 1255 2256 D,
1275 2220 1308 2250 F.

339 2277 415 2306 382.
437 2278 583 2316 Atque...
597 2276 754 2317 afflictum
772 2277 804 2306 iu
820 2277 858 2307 ed
897 2277 982 2314 Bas„
1005 2275 1269 2315 czut ..c1sflietim
1298 2276 1330 2306 iu
1346 2275 1498 2306 omuibus
1514 2284 1575 2306 ms.

342 2333 416 2362 386.
440 2332 577 2372 [afflatis
598 2333 628 2362 iu
651 2333 702 2363 ed.
727 2334 814 2369 Bas„
837 2332 950 2373 Eyutis
969 2333 1000 2363 iu
1016 2333 1166 2364 omnibus
1185 2343 1246 2364 ms.

342 2389 416 2420 388.
435 2388 615 2420 Lacessistis
636 2389 668 2419 iu
687 2390 738 2420 etl.
761 2390 848 2426 Bas.‚
871 2389 1010 2421 lacessiti
1030 2389 1063 2420 iu
1085 2389 1235 2420 omuibus
1260 2399 1321 2420 ms.

343 2447 417 2476 400.
441 2446 602 2477 Proemisz‘c
628 2446 658 2476 iu
680 2447 732 2477 ed.
756 2447 844 2482 Bas,
862 2447 1010 2488 permisit
1026 2447 1058 2478 iu
1082 2456 1144 2477 ms.
1168 2451 1205 2484 A,
1229 2448 1264 2485 Β,
1287 2447 1319 2487 C,
1343 2447 1380 2484 D,
1406 2447 1443 2478 Ε.

344 2503 419 2533 ἰιΟἲ,
442 2502 595 2543 Ραφιαηε
615 2512 671 2543 pro
682 2512 826 2544 puryans
841 2503 873 2534 in
895 2513 958 2534 ms.
979 2504 1015 2541 B,
1037 2504 1071 2540 C,
1095 2504 1131 2534 D.
