1865 2959
891 187 1079 223 -70-

350 292 369 312 »
402 276 525 316 tanto
566 271 756 323 honore,
799 274 1023 330 quantum
1064 271 1176 315 mihi
1203 285 1434 330 procuras,
1474 272 1630 317 adhie—

349 369 370 390 »
395 354 551 394 rescat.
576 350 815 394 Incitarem
835 349 892 392 ad
920 350 1006 394 hoc
1034 350 1366 401 Benvenutum,
1393 350 1478 394 nisi
1510 350 1632 408 quod

348 447 369 468 »
393 429 470 472 Ser
490 428 714 471 Antonius
733 427 961 486 suggessit
987 427 1139 472 forsan
1172 428 1259 472 hoc
1297 432 1469 480 totum,
1505 428 1631 486 quic-

349 524 370 546 »
401 505 510 564 quid
531 505 665 549 fuerit
688 506 838 550 oneris
857 509 899 550 et
927 505 1129 558 honoris,
1157 509 1206 549 ut
1233 505 1487 559 arbitratur,
1519 507 1632 550 mihi

350 605 370 624 »
402 584 552 628 solum
591 583 887 628 infallibiliter
928 583 1236 627 tribuendum.
1291 584 1384 635 Quo
1418 584 1519 628 licet
1559 598 1633 628 me

350 681 370 703 »
401 662 641 721 indignum
680 662 888 713 sentiam,
922 661 1066 719 placet
1100 661 1316 705 tamenin
1349 661 1432 705 hac
1453 675 1498 706 re
1517 662 1634 706 ultra

351 740 662 784 »meritorum
699 740 818 784 vires
859 739 1060 791 ainbire;
1104 738 1228 797 quod
1268 740 1304 783 si
1348 741 1628 793 successerit,

351 835 369 862 »
394 833 485 863 non
504 819 660 871 Varro,
697 832 790 862 non
811 819 954 861 Tucca
975 832 1054 876 per
1083 817 1272 862 AEneida
1298 818 1430 862 famae
1453 820 1632 863 {eterni-

351 916 370 936 »
402 901 538 941 tatem
566 910 646 955 per
664 900 823 940 cuncta
843 900 1047 955 tempora
1071 901 1352 949 meruerunt,
1390 911 1526 955 quam
1550 911 1632 957 ego

351 993 370 1014 »
395 989 474 1034 per
493 975 702 1019 Africam.
726 993 746 1015 »
771 975 831 1032 (iv
847 975 910 1018 Id.
931 976 1027 1019 Jan.
1055 979 1334 1035 MCCCLXXVII)
1359 975 1421 1023 (¹).

408 1053 532 1097 Votis
573 1053 755 1098 tandem
789 1054 965 1098 Collutii
992 1055 1153 1098 annuit
1188 1056 1427 1107 Brossano,
1460 1055 1631 1114 efflagi-

351 1135 582 1190 tatumque
615 1131 859 1190 exemplar,
895 1132 1215 1190 corrigendum
1242 1134 1426 1187 scilicet,
1462 1135 1507 1177 in
1535 1147 1634 1178 arca

345 1213 499 1254 tamen
546 1209 850 1262 servandum,
898 1209 1098 1253 tradidit.
1157 1212 1292 1269 AEgre
1342 1213 1633 1270 impetratum

347 1286 512 1345 gaudio
544 1287 796 1331 incredibili
837 1287 913 1331 ille
957 1288 1130 1346 excepit
1161 1305 1168 1332 :
1200 1307 1221 1329 ‹<
1260 1290 1394 1334 Venit
1430 1290 1630 1343 tandem,

352 1382 371 1404 »
402 1365 562 1416 aiebat,
602 1368 754 1420 Africa
782 1365 938 1420 dulcis,
973 1370 1016 1409 et
1051 1366 1155 1410 vicit
1181 1367 1264 1411 iter
1286 1367 1451 1411 durum
1472 1369 1630 1426 pietas,

352 1462 371 1482 »
402 1447 451 1486 ut
472 1443 546 1487 ille
565 1442 688 1487 idem
706 1447 831 1487 vates
859 1443 919 1487 ait
938 1460 948 1496 ;
985 1445 1110 1487 venit
1134 1445 1334 1498 tandem,
1357 1450 1401 1489 et
1422 1460 1501 1504 per
1522 1446 1634 1491 fide-

353 1539 372 1561 »
396 1521 623 1565 lissimum
662 1521 953 1579 nobilemque
975 1522 1147 1566 meritis
1177 1527 1221 1567 et
1243 1523 1463 1581 sanguine
1486 1524 1634 1568 virum

351 1617 371 1639 n
396 1599 509 1642 mihi
535 1602 869 1658 praesentatam‚
907 1604 950 1644 et
971 1599 1101 1645 avide
1123 1604 1166 1645 et
1191 1605 1448 1646 reverenter
1466 1603 1630 1660 accepi,

352 1677 557 1735 »leque
596 1691 687 1735 prae
724 1677 889 1735 gaudio
944 1679 1145 1722 continui
1187 1679 1484 1736 lacrymas...
1528 1680 1633 1739 Legi

351 1773 372 1795 »
403 1754 588 1813 quidem
648 1754 1006 1800 admirabundus
1074 1757 1344 1815 elegantiam
1403 1759 1629 1811 carminis,

351 1851 366 1873 >2
394 1834 767 1891 majestatemque
797 1834 1036 1886 sermonis,
1087 1835 1352 1893 gravitatem
1393 1835 1633 1880 sententia-

352 1929 371 1951 »
402 1925 518 1963 rum,
563 1915 606 1955 et
642 1912 791 1970 ipsum
831 1912 965 1956 totius
1008 1912 1215 1957 ordinem
1250 1917 1293 1957 et
1334 1917 1628 1966 contextum,

354 2007 372 2028 »
396 1989 629 2047 fateorque
664 2003 737 2033 me
771 1989 886 2033 nihil
908 2004 1111 2048 unquam
1145 1992 1341 2049 gravius,
1370 1992 1482 2035 nihil
1509 1993 1632 2036 flori-

352 2085 372 2107 »
400 2067 516 2120 dius,
552 2067 756 2126 nihilque
797 2067 993 2126 denique
1038 2070 1207 2127 gratius
1242 2070 1487 2128 perlegisse
1515 2069 1577 2116 (⁶2).
1608 2088 1629 2110 »

351 2148 570 2190 Statuerat
596 2146 794 2204 primum
827 2147 987 2204 cuique
1016 2146 1129 2191 libro
1160 2146 1356 2191 indicem
1390 2147 1632 2192 inscribere

393 2362 438 2403 (1)
458 2361 536 2395 Cod.
558 2361 727 2401 tamem„
748 2373 779 2402 p.
805 2364 858 2393 28.

394 2419 441 2459 (⁴2)
462 2418 497 2452 C.
520 2418 664 2452 Salulali
694 2421 810 2461 epist.,
841 2421 923 2460 part.
949 2427 985 2457 11,
1014 2429 1044 2460 p.
1071 2421 1187 2450 79-83.
1222 2420 1308 2451 lianc
1341 2420 1532 2461 epistolam,
1559 2430 1632 2461 quae

350 2478 459 2517 magni
477 2478 633 2509 momenti
654 2479 694 2508 ad
714 2487 783 2509 reni
806 2478 960 2518 pertinet,
983 2480 1085 2510 totam
1108 2477 1140 2508 in
1162 2478 1351 2518 Appendiec
1371 2486 1401 2509 xv
1419 2477 1628 2510 inseruimus.
