1865 2959
849 230 1058 267 —285-

312 314 359 353 Et
378 317 489 365 pater
507 313 674 354 Ausonii
694 325 802 354 nuno
822 314 945 366 gloria
965 314 1141 355 nominis
1160 315 1303 367 ingens

312 386 393 424 Hos
412 385 547 424 timuit
567 384 731 436 gladios,
757 385 995 438 laudataque
1025 386 1136 437 signa
1157 399 1295 427 eruore

312 456 463 506 Infecit,
484 461 642 496 nostros
662 456 818 509 fugiens
837 456 1040 497 rediturus
1066 457 1108 497 in
1130 470 1262 498 enses.

310 527 357 567 Ni
376 526 511 567 forsan
526 527 662 579 procul
683 539 704 568 a
722 527 849 580 patria
866 528 1098 568 melioribus
1116 529 1191 569 iste

310 597 450 638 Militat
470 598 672 650 auspiciis,
692 604 759 639 aut
774 611 848 639 nos
870 599 1074 652 pejoribus
1090 600 1200 639 urbis

308 671 411 709 Ante
437 669 539 710 fores
560 670 712 722 patriae.
733 672 821 711 Non
841 671 895 710 sio
917 671 1166 722 Carthaginis
1185 671 1302 711 almae

310 743 568 782 Immemores
587 754 675 782 rear
699 754 785 783 esse
812 745 929 792 Deos,
955 743 1018 783 vel
1039 742 1155 783 fortia
1175 745 1312 784 Romae

308 813 452 852 Moenia
472 825 555 853 non
579 814 665 854 ausi
689 814 792 854 ferro
807 813 1019 854 defendere
1040 814 1188 854 nostris

307 884 505 924 Moenibus
524 885 736 926 insultent.
758 888 884 926 Furor
904 886 982 926 hue
1003 889 1208 926 attraxerit
1227 886 1331 936 illos,

306 957 397 995 Haeo
416 955 576 996 fortuna
594 961 736 1009 potens
760 957 904 1010 populo
931 957 1152 1010 spectacula
1172 960 1294 998 Pceno

305 1026 469 1077 Miserit,
493 1032 536 1067 ut
556 1028 760 1080 quondam
785 1029 918 1081 digitis
941 1029 1079 1069 avulsa
1098 1030 1274 1070 eruentis

304 1100 378 1138 Tot
398 1099 536 1151 spolia,
565 1104 608 1139 ut
628 1101 784 1140 modios
802 1113 921 1141 curvo
938 1102 1229 1154 complevimus
1251 1113 1364 1150 auro,

305 1171 489 1211 Contenti
511 1172 647 1223 patriae
668 1184 802 1213 rerum
823 1173 1092 1214 transmittere
1112 1172 1260 1213 famam

304 1243 539 1282 Tantarum.
563 1243 626 1283 Sie
651 1242 827 1284 formoso
849 1256 957 1284 nune
977 1244 1137 1284 vincula
1156 1244 1254 1285 eollo

304 1314 531 1354 Laetadueis
551 1315 649 1355 Latii
671 1315 811 1355 victrix
831 1315 1024 1368 Carthago
1046 1315 1211 1365 videbit,

302 1386 351 1424 Et
376 1385 668 1426 circumductos
686 1387 887 1439 pecudum
915 1387 963 1427 de
987 1398 1097 1427 more
1118 1399 1189 1439 per
1213 1386 1354 1427 urbem

303 1458 504 1498 Romanos
531 1470 660 1498 errare
687 1470 825 1510 greges
843 1458 1078 1511 Leliumque
1098 1459 1305 1511 loquacem

301 1531 349 1568 Et
373 1530 528 1569 varium
539 1542 672 1581 regem
699 1531 1009 1582 atquoinopem,
1038 1530 1106 1582 qui
1129 1536 1268 1570 nostra
1284 1529 1445 1582 reliquit

300 1603 423 1641 Arma
442 1601 576 1654 fugax,
600 1602 799 1654 hujusque
819 1603 937 1642 hodie
956 1615 1026 1655 per
1044 1602 1212 1642 numina
1232 1607 1370 1651 testor,

299 1673 393 1722 Vos,
416 1674 539 1713 Mauri
564 1673 997 1726 Numidaeque,jngum
1019 1674 1141 1714 vitate
1161 1673 1402 1726 superhum3

297 1744 529 1785 Massinissa
549 1757 642 1785 suos
666 1745 808 1797 repetit
823 1757 893 1797 per
919 1745 1083 1785 verbera
1099 1757 1260 1794 servos;

298 1816 393 1866 Vos,
416 1816 531 1865 Galli,
552 1822 697 1857 certate
710 1817 811 1856 odiis
830 1817 1068 1869 hostemque
1089 1822 1294 1857 vetustum

297 1888 412 1927 Nune
430 1888 570 1940 gladiis
597 1894 733 1941 urgete
754 1889 869 1929 novis
894 1903 902 1928 ;
924 1889 990 1930 hie
1011 1901 1176 1942 campus
1202 1889 1244 1928 in
1270 1887 1365 1928 orbe

299 1959 489 2000 Colleetas
509 1959 585 2000 alio
606 1960 806 2012 longaevas
827 1960 973 2013 exeipit
992 1961 1084 2000 iras.

297 2033 348 2071 At
369 2043 452 2082 vos,
476 2043 498 2072 o
516 2031 694 2084 Ligures,
717 2044 817 2084 quos
844 2044 908 2073 me
931 2037 970 2073 et
989 2044 1079 2073 mea
1097 2032 1176 2073 fata
1199 2036 1356 2073 secutos

341 2159 418 2189 873.
442 2156 530 2190 Tunc
549 2158 580 2189 in
603 2158 657 2190 ed.
679 2159 768 2196 Bas„
796 2167 882 2190 nunc
903 2157 934 2190 in
956 2168 1019 2190 ms.
1039 2159 1075 2190 A.

338 2215 412 2246 879.
437 2213 475 2247 Ut
496 2215 529 2246 in
552 2216 604 2248 ed.
624 2216 714 2253 Bas„
732 2215 780 2247 vel
802 2215 835 2247 in
854 2225 914 2247 τηε.
935 2217 972 2247 Λ.

1511 462 1589 499 87Σί

1511 817 1588 856 880

1507 1175 1584 1212 885

1502 1532 1580 1570 890

1502 1888 1580 1927 895

339 2272 414 2302 883.
437 2272 481 2303 Ea
494 2273 616 2304 verba:
637 2276 672 2304 ut
692 2272 855 2313 quondam
876 2272 990 2314 ‹liyitis
1020 2272 1130 2304 avulsa
1148 2272 1291 2304 cruentis
1313 2274 1358 2304 tot
1384 2269 1502 2313 spolia,
1516 2270 1574 2302 de-

291 2330 366 2359 sunt
385 2328 416 2359 in
441 2338 503 2360 ms.
524 2330 562 2361 A.

338 2385 414 2416 888.
437 2384 490 2417 Sic
510 2385 543 2417 in
563 2386 616 2418 ed.
640 2387 728 2424 Bas,
751 2389 781 2418 et
801 2385 832 2418 in
853 2386 1004 2418 omnibus
1021 2395 1083 2418 mS.

337 2442 412 2473 893.
435 2441 563 2483 Reperti
582 2442 614 2474 in
635 2444 686 2474 ed.
709 2444 799 2482 Bas„
816 2447 941 2485 repetet
965 2443 998 2474 in
1016 2453 1080 2476 ms.
1100 2443 1138 2483 A,
1159 2442 1275 2484 repetit
1296 2442 1327 2474 in
1349 2441 1432 2473 aliis.

337 2499 412 2530 896.
438 2498 555 2541 Expiet
578 2498 609 2531 in
632 2500 683 2531 ed.
706 2500 780 2532 Bas.
799 2510 839 2531 ex
860 2510 919 2531 ms.
940 2501 963 2532 A
984 2510 1068 2532 corr.
1088 2509 1145 2541 pro
1160 2499 1294 2541 σπεῖρα.
