1865 2959
829 270 1039 305 —382-

287 350 444 391 Scilicet
464 351 559 392 hinc
580 363 715 404 paucae
739 351 906 394 lustrata
930 354 979 394 ad
1001 359 1084 395 tota
1109 367 1253 396 sonoro

286 423 457 463 Lumine
477 424 728 464 descendunt
748 439 756 464 :
785 425 865 466 huc
884 431 923 467 et
943 438 1013 479 per
1034 432 1176 468 mutua
1191 440 1324 480 pauca]

287 495 573 536 Conscendunt
589 496 750 547 amnne,
780 497 927 550 quibus
949 503 987 538 et
1005 504 1147 539 natura
1174 499 1349 553 benigna

287 568 464 619 Jureque
485 573 689 608 certamen
717 569 829 609 dedit
855 582 903 609 ex
924 569 1114 611 Helicone
1136 578 1290 612 sacrata

290 639 448 679 Fronde
469 640 595 691 premi
626 641 771 691 crines,
795 654 882 694 quse
903 647 1039 682 mutos
1065 643 1232 684 reddere
1247 645 1376 696 pisces

290 711 464 751 Vocibus
485 711 590 752 alma
615 718 762 765 potest,
787 719 824 753 et
845 725 1024 754 amoenas
1045 714 1190 755 ducere
1211 716 1260 756 ad
1280 721 1384 757 artes
1401 729 1413 769 3

289 785 421 835 Atque
446 783 502 823 ita
530 784 684 825 Pierius
701 785 829 825 dulcis
851 786 950 826 dum
976 786 1158 827 membra
1175 787 1362 840 regebam

289 857 405 896 Nunc
420 855 520 895 mihi
548 857 745 897 tutandus
765 858 914 897 summi
936 858 1047 898 Jovis
1068 864 1160 899 ante
1177 859 1352 900 tribunal

289 926 458 980 Flagitat
481 933 519 968 et
535 929 680 981 poscit,
703 929 799 981 quid
820 942 929 970 seros
951 930 1070 970 traxit
1091 931 1132 971 in
1154 943 1282 972 annos

289 999 514 1052 Scipiadam
541 1001 747 1053 egregium
770 1001 1010 1054 vigilataque
1031 1002 1166 1054 przelia
1189 1005 1350 1054 Cannae,

288 1074 337 1112 Et
356 1073 486 1124 promi
506 1072 666 1113 lleuisse
680 1073 824 1125 probat
842 1074 939 1114 dum
961 1086 1105 1127 corpus
1123 1076 1288 1128 agebam
1305 1092 1314 1126 3

287 1146 416 1185 Causa
431 1143 546 1194 feret,
569 1144 686 1185 famae
706 1145 888 1185 mortalis
909 1146 1020 1186 nulla
1041 1146 1181 1187 libido.

288 1216 360 1256 Hic
377 1228 448 1269 ego
465 1218 549 1268 jam
573 1216 694 1256 didici
715 1217 825 1257 nullo
850 1218 1049 1258 velamine
1067 1218 1155 1259 fari.

341 1290 522 1341 Namque
541 1300 613 1340 ego
634 1294 815 1329 mutatus
834 1290 925 1329 vitae
943 1290 1119 1331 viventis
1147 1291 1342 1333 honorem

288 1361 466 1410 Sortior;
490 1360 565 1401 hoc
591 1361 784 1413 quoniam
806 1366 944 1402 vatum
965 1374 1083 1403 mens
1104 1364 1220 1404 torsit
1240 1376 1418 1405 amorem

288 1435 332 1472 In
353 1433 527 1473 solidum
553 1433 820 1485 stabilemque
842 1434 928 1484 Dei,
954 1447 1075 1486 quem
1098 1437 1314 1477 contremit
1333 1437 1440 1478 orbis

287 1505 444 1554 Omnis,
468 1511 506 1545 et
529 1505 695 1558 angelici
721 1505 889 1546 laudant
906 1518 1026 1559 super
1047 1507 1195 1548 {ethera
1214 1514 1356 1549 cantus
1375 1524 1382 1558 ;

287 1577 460 1627 Credite,
482 1578 669 1630 maiores,
694 1590 929 1630 quanquam
949 1579 1085 1619 divina
1105 1580 1237 1632 poesis

286 1648 462 1698 Dicatur,
485 1649 725 1702 decoretque
747 1650 904 1690 animos
924 1656 963 1690 et
988 1651 1121 1692 vivere
1139 1651 1305 1704 longum

286 1720 450 1772 Ingenio
475 1720 592 1761 faciat
613 1733 700 1774 quae
724 1721 949 1773 prieteriere
970 1728 1142 1774 peracta,

287 1795 490 1842 Peccatur‚
511 1794 704 1846 quoniam
730 1806 811 1834 non
835 1800 895 1834 est
914 1806 986 1835 sua
998 1795 1122 1847 gloria
1136 1801 1279 1848 prieter

287 1865 584 1906 Detrimentum
609 1866 768 1917 animae,
793 1867 911 1906 morti
939 1879 1034 1907 nam
1053 1868 1212 1920 turgida
1242 1869 1350 1909 ducit

289 1935 443 1985 Gloria3
467 1948 549 1976 non
569 1936 697 1986 fallor,
720 1937 901 1977 humana
922 1938 1057 1978 inflata
1077 1939 1278 1992 superbit3

288 2007 375 2047 Ahl
399 2013 597 2061 quantum
622 2009 735 2048 tenui
753 2009 914 2061 perimit
933 2022 1004 2050 vos
1025 2010 1148 2063 gloria
1172 2011 1302 2051 rimal

289 2080 402 2128 Quod
421 2080 497 2120 nisi
519 2080 725 2129 vitassem,
753 2081 873 2121 modo
892 2093 975 2121 non
998 2082 1141 2122 mirata
1161 2083 1340 2123 viderem

289 2152 428 2192 Sidera
452 2152 526 2192 sub
552 2152 737 2204 pedibus,
756 2165 831 2193 nec
861 2153 1056 2206 quidquid
1077 2154 1262 2194 circumit
1279 2155 1410 2194 almus

289 2223 370 2274 Sol,
396 2236 526 2277 neque
544 2224 771 2276 Virgilium,
799 2237 872 2265 nec
891 2230 1033 2266 caetera
1053 2226 1218 2266 nomina
1239 2231 1374 2267 vatum

287 2298 382 2345 Qua}
401 2296 557 2349 pridem
577 2297 720 2336 cecinit
741 2297 873 2337 tenuis
895 2309 985 2337 mea
1004 2297 1137 2338 fistula
1157 2311 1278 2351 quam
1301 2298 1392 2339 scis.

286 2371 359 2409 Ast
376 2381 467 2409 cuin
486 2369 737 2421 propositum
759 2369 862 2410 foret
882 2375 1085 2410 ostentare
1107 2371 1339 2411 modestum

289 2440 531 2493 Scipiadam,
557 2445 596 2481 et
613 2446 822 2493 promptos
841 2443 978 2483 Roman
997 2444 1212 2495 Byrsaeque
1231 2442 1404 2493 labores,

291 2513 331 2552 ld
354 2513 495 2558 metui,
522 2513 684 2566 vidique
702 2514 856 2559 velens,
878 2515 1048 2566 ideoque
1071 2516 1207 2555 vocavi

1525 723 1576 760 10

1526 1082 1576 1120 15

1521 2157 1573 2195 30
