1865 2959
831 194 1040 229 -357-

297 278 484 327 Humida,
504 278 695 317 victorem
719 276 879 329 qualem
899 276 1115 328 sprevisset
1136 277 1334 317 amicum:

294 352 426 390 Mente
444 354 589 389 notans
607 349 725 389 tacita
745 353 888 401 praeter
914 354 971 389 tot
989 350 1087 389 dura
1105 350 1233 389 ruinas

293 422 473 473 Angebat
495 422 686 461 miserum
706 422 836 473 pudor
854 421 1009 473 ingens.
1035 422 1170 462 Turba
1188 434 1353 463 suorum

294 495 414 547 Regia
432 494 691 546 consequitur
709 494 880 533 tremulo
912 494 1079 546 vestigia
1099 507 1249 546 gressu.

294 568 394 607 Hinc
414 566 545 606 meriti
566 566 686 615 cives,
708 565 861 617 laqueis
889 577 986 617 gens
1014 565 1164 618 perfida
1189 567 1310 619 justis
1496 572 1572 610 355

292 641 507 678 Pomorum
526 637 714 689 perplexa
732 637 856 686 vonit,
882 636 1151 688 pulcherrima
1172 639 1309 678 Romae

292 710 436 751 Moenia
455 709 704 761 conspiciens
722 723 730 757 3
754 709 835 748 dux
856 707 977 748 frater
997 708 1233 748 Hannibalis
1253 709 1332 749 illis

291 782 448 821 Primus
468 786 565 820 erat,
589 782 735 821 Mauras
756 780 930 819 subeunt
950 784 1041 832 post
1060 780 1220 832 agmina
1239 781 1383 832 gentis,

290 852 573 903 Gallorumque
592 863 752 901 marim,
775 851 896 891 Italus
916 862 1092 903 namque
1113 851 1252 892 ordine
1270 851 1312 891 in
1330 852 1397 892 illo

287 926 412 964 Nemo
431 922 505 963 fuit
522 937 530 962 :
553 923 672 975 digna
691 923 856 962 meritos
877 921 1138 961 mulctaverat
1157 934 1298 962 onmes
1484 927 1562 964 360

285 997 409 1036 Morte
431 995 551 1035 simul
573 1000 768 1047 terraeque
788 994 925 1034 hostes
945 994 1205 1034 mandaverat
1226 993 1330 1034 Afrae

284 1066 473 1118 Indignos
492 1066 629 1118 patrias
650 1070 811 1117 aspectu
832 1068 870 1104 et
889 1065 1031 1105 tellure
1050 1065 1234 1117 sepulcri.

284 1139 389 1178 Ante
409 1137 507 1177 ebur
526 1142 565 1177 et
582 1137 743 1176 radians
764 1148 908 1176 aurum
931 1141 970 1176 et
989 1137 1162 1188 pretiosa
1181 1137 1358 1188 supellex

283 1211 332 1249 Et
351 1213 482 1249 vestes
503 1213 608 1248 ostro
628 1208 806 1259 insignes
824 1209 1067 1261 penitusque
1086 1214 1298 1260 potentum

283 1280 438 1320 Divitiae
457 1291 597 1332 regum
618 1291 764 1332 pompa
786 1279 1011 1320 celebrante
1030 1279 1248 1320 vehuntur.
1489 1285 1565 1322 365

283 1351 378 1391 Inde
399 1362 538 1403 graves
558 1351 685 1403 clypei
706 1357 979 1404 praereptaque
998 1351 1170 1392 fortibus
1190 1364 1299 1392 arma

284 1423 484 1475 Signaque
505 1427 544 1462 et
560 1422 770 1462 horrentes
791 1423 911 1474 galeae
930 1423 1138 1476 cristaeque
1160 1428 1382 1465 trementes
1402 1439 1411 1474 3

286 1497 377 1534 Post
395 1494 530 1535 tristes
548 1495 750 1534 ducuntur
769 1495 875 1547 equi,
899 1496 1121 1548 domitique
1142 1496 1375 1548 elephantes

281 1567 463 1606 Demissa
482 1567 632 1606 cervice
653 1579 792 1619 graves
813 1582 822 1616 3
844 1567 1011 1618 puerilia
1030 1569 1181 1608 circum

281 1637 401 1678 Millia
419 1636 662 1688 funduntur,
685 1638 802 1678 turba
820 1638 1015 1690 obstrepit
1036 1639 1163 1680 inscia
1181 1652 1316 1680 rerum
1483 1644 1561 1682 370

280 1710 417 1751 Bellua
437 1709 642 1749 barbarico
664 1710 772 1761 quod
795 1714 906 1749 tanta
926 1710 1081 1750 veniret
1103 1711 1151 1750 ab
1174 1711 1285 1751 orbe.

281 1782 383 1821 Hinc
402 1781 511 1821 illinc
530 1782 709 1821 Romana
731 1782 834 1822 acies
856 1787 991 1834 erepta
1011 1781 1185 1823 nefando

282 1853 466 1903 Servitio,
489 1853 706 1905 laetumque
726 1865 874 1893 canens
893 1866 940 1893 ex
962 1866 1073 1894 more
1091 1854 1345 1907 triumphum

281 1925 549 1965 Concelebrat.
572 1927 786 1978 Nequeunt
805 1925 939 1965 oeulos
964 1927 1108 1967 satiare
1126 1927 1301 1968 videndo

281 1998 490 2037 Servatore
510 2008 580 2036 suo
601 2010 609 2035 ε
630 1997 741 2048 prius
761 1998 791 2036 it
811 1998 1024 2038 Terentius
1044 1998 1191 2039 horum
1480 2001 1556 2039 375

281 2068 399 2108 Culeo
420 2069 480 2108 vir
496 2068 626 2108 clarus
643 2068 754 2108 Latia
772 2075 868 2109 tunc
888 2069 986 2110 urbe
1006 2075 1165 2110 senator
1182 2085 1191 2119 ;

279 2139 460 2180 Libertus
479 2140 586 2180 velut
607 2139 671 2180 hic
690 2152 827 2180 carum
848 2141 1019 2181 coluisse
1038 2147 1255 2194 patronum

277 2210 502 2262 Scipiadam
527 2210 652 2251 fertur
676 2212 799 2251 vitam
824 2212 1088 2265 obsequiosus
1110 2212 1152 2252 in
1177 2224 1357 2253 onmem.

278 2282 450 2322 Ultimus
469 2283 500 2322 it
521 2282 646 2322 victor
665 2283 786 2323 Latiis
808 2283 1004 2324 exercitus
1022 2284 1143 2325 armis

322 2408 397 2438 357.
420 2406 626 2449 Conspiciens
643 2410 676 2440 in
695 2418 756 2440 ms.
776 2411 800 2441 A
820 2410 923 2451 (prior
939 2410 1064 2451 lectio),
1083 2411 1160 2442 dein
1179 2420 1265 2442 corr.
1286 2411 1319 2442 in
1336 2411 1521 2452 suspiciens.

324 2465 400 2495 375.
422 2464 517 2496 Prior
537 2463 569 2495 in
591 2465 643 2497 ed.
666 2466 754 2503 Bas„
772 2467 865 2507 prius
883 2467 916 2498 in
938 2476 999 2498 ms.
1022 2469 1058 2497 A.
