1865 2959
711 620 908 659 LIBER
955 620 1240 660 SEXTUS.

749 958 1095 992 ARGUMENTUM
1130 945 1194 991 (1).

463 1082 557 1114 Nulla
577 1082 680 1125 magis
699 1084 829 1125 Stygios
849 1087 979 1124 poterat
997 1085 1159 1117 divertere
1180 1087 1291 1117 Manes

459 1142 561 1179 Quam
582 1150 655 1181 quae
676 1141 791 1183 regina
811 1143 1038 1182 pulcherrima
1057 1146 1190 1175 venerat
1211 1145 1338 1175 umbra.

460 1198 543 1239 Ergo
562 1198 670 1230 locum
692 1201 786 1230 nacta
807 1202 868 1230 est.
892 1200 965 1231 Post
983 1199 1109 1232 tristem
1132 1200 1237 1231 dulcis
1261 1200 1402 1232 amicum

461 1255 569 1295 Scipio
589 1255 724 1292 solatus,
747 1264 822 1296 quae
841 1256 882 1287 sit
901 1257 1065 1289 sententia
1091 1257 1210 1289 mentis

460 1312 618 1352 Explicat,
639 1315 672 1344 et
690 1313 827 1345 comites
847 1313 978 1345 laudato
1000 1323 1137 1345 munere
1155 1316 1267 1346 donat.

460 1369 579 1401 Laelius
599 1370 632 1400 in
653 1370 780 1401 Latium
803 1370 918 1402 tendit.
942 1371 1153 1403 Revocantur
1173 1372 1281 1403 acerbi

460 1426 619 1458 Hannibal
641 1430 674 1458 et
690 1428 796 1468 Mago,
820 1427 958 1459 Romani
980 1429 1123 1460 nominis
1141 1430 1252 1460 hostes
1269 1440 1277 1467 3

457 1483 575 1523 Sicque
594 1482 694 1515 fidem
716 1484 804 1516 Poeni
826 1483 995 1516 simulant.
1018 1485 1080 1518 Sed
1102 1488 1218 1517 cuncta
1242 1489 1409 1518 revertens

458 1540 619 1573 Hannibal
639 1543 807 1573 exturbat.
830 1542 934 1573 Medio
956 1542 1041 1583 perit
1060 1552 1192 1583 requore
1214 1543 1326 1575 frater.

323 1668 444 1709 Nulla
462 1668 591 1722 magis
615 1670 775 1722 Stygios
801 1670 1025 1710 mirantum
1043 1670 1208 1711 obsessa
1234 1683 1382 1712 corona

321 1740 473 1781 Umbra
492 1741 604 1781 lacus
625 1741 763 1792 subiit,
791 1746 1009 1795 postquam
1028 1742 1158 1783 divisa
1176 1742 1370 1784 triformis

320 1813 505 1855 Partibus
525 1813 634 1855 haud
658 1815 785 1867 aequis
806 1814 916 1855 stetit
934 1815 1079 1868 ingens
1098 1815 1288 1856 machina
1306 1816 1468 1856 mundi.

365 1967 412 2008 (1)
432 1967 455 1998 Ε
476 1976 536 1998 ms.
560 1968 584 1998 A
603 1969 808 2008 excerptum.
836 1967 901 1999 Hoc
922 1967 1011 1998 aliud
1032 1967 1065 1998 in
1086 1968 1139 1998 ed.
1163 1968 1276 1999 Venet.
1300 1966 1445 2008 legitur:

454 2025 522 2056 Ulla
542 2024 647 2066 magis
668 2024 778 2066 Stygia
797 2024 978 2056 mirantum
1000 2024 1135 2056 obsessa
1156 2033 1277 2056 corona

455 2082 572 2113 Umbra
592 2081 653 2113 suit
672 2082 850 2122 quondam.
875 2081 1002 2113 Veritus
1019 2084 1096 2113 tunc
1114 2081 1219 2113 tristia
1238 2090 1379 2122 magnus

452 2139 559 2179 Scipio
578 2140 757 2179 permulcet
778 2142 914 2171 cunctos
935 2141 967 2171 et
985 2141 1114 2180 pectora
1137 2138 1237 2180 regis.

453 2195 570 2227 Laelius
591 2196 624 2227 in
646 2196 786 2237 patriam
807 2196 898 2227 Latia
919 2204 992 2227 cum
1010 2196 1115 2226 classe
1137 2195 1317 2236 Syphacem

450 2253 620 2285 Convehit.
645 2253 724 2285 Inde
746 2253 839 2284 ducis
859 2253 986 2284 monitu
1007 2253 1134 2284 Tuneta
1154 2252 1304 2283 cohortes

449 2310 579 2342 Circum
601 2313 706 2342 castra
728 2312 848 2343 locant.
873 2310 969 2341 Dubii
991 2311 1028 2340 ad
1051 2309 1191 2341 tentoria
1214 2310 1300 2342 l‘oeni

448 2368 614 2399 Terdenos
635 2367 757 2400 misere
777 2368 862 2399 viros
883 2367 939 2407 qui
962 2366 1036 2398 fieta
1057 2367 1233 2406 loquantur

445 2425 622 2466 Scipiadae.
646 2426 802 2458 Geminos
823 2424 950 2457 obsessi
972 2424 1011 2455 ad
1033 2424 1155 2455 moenia
1175 2424 1294 2456 fratres

448 2482 538 2514 Italia
558 2485 725 2515 revocant.
747 2484 845 2515 Flens
863 2481 973 2514 dulcia
994 2481 1117 2512 deserit
1137 2490 1213 2512 arva

447 2539 629 2572 Hannibal:
652 2543 701 2572 ast
717 2540 826 2572 medio
844 2549 939 2571 carus
961 2538 1050 2579 perit
1070 2547 1202 2578 aequore
1224 2539 1330 2579 Mago.
