1865 2959
877 262 922 270 —
952 243 1016 278 116
1043 262 1085 269 —

344 326 580 366 Auricomos
599 326 736 379 rapido
756 327 919 368 calcabit
940 330 1062 368 Marte
1083 328 1295 368 Britannos
1312 342 1321 377 ;

344 398 519 449 Stringet
539 402 576 438 et
590 398 786 439 indomito
807 399 1025 439 luctantem
1045 400 1197 452 gurgite
1217 399 1403 440 Rhenum
1538 402 1617 441 225

343 469 554 518 Pontibus,
576 469 819 523 hostilesque
843 476 986 512 tenens
1011 483 1102 511 cum
1115 471 1242 511 milite
1266 471 1380 517 fines,

341 540 487 580 Tristia
513 541 690 582 czeruleis
711 543 921 583 Germanis
938 543 1042 583 bella
1066 543 1259 583 movebit.

342 613 371 652 O
392 612 501 663 felix,
525 614 558 653 si
575 613 676 655 forte
698 615 864 655 modum
887 615 983 655 sciat
1004 615 1149 655 addere
1168 614 1270 656 ferro
1291 617 1300 655 i

340 685 496 725 Nesciet
521 685 621 725 heu!
646 686 833 739 noletque
854 686 991 736 miser,
1013 687 1083 727 sed
1102 686 1262 727 turbine
1288 687 1435 727 mentis

339 757 530 798 Victrices
549 770 619 810 per
636 763 779 798 cuncta
796 770 941 799 manus
960 759 1003 798 in
1020 758 1179 811 publica
1200 763 1328 799 vertet
1535 761 1613 799 230

339 828 513 879 Viscera,
535 830 640 870 civili
663 830 819 870 foedans
839 835 1003 871 externa
1024 842 1163 870 cruore

339 901 476 941 Praelia
496 905 534 942 et
555 902 742 942 emeritos
759 902 924 955 indigno
943 904 1068 943 Marte
1087 902 1329 954 triumphos.

336 975 396 1014 Me
416 977 552 1014 tamen
569 974 709 1015 infami
725 979 809 1015 tam
829 975 957 1016 inulta
977 975 1118 1015 decora
1136 974 1268 1015 furore

333 1046 632 1087 Commacularc
651 1047 774 1099 pudet
796 1061 803 1086 :
827 1059 948 1100 quam
969 1047 1141 1099 turpiter
1160 1047 1296 1087 omnia
1316 1047 1439 1087 calcat

334 1117 543 1158 Ambitus!
564 1120 615 1158 Ut
637 1123 768 1159 totum
786 1119 1000 1172 imperium
1024 1119 1098 1159 sibi
1123 1119 1299 1159 vindicet
1316 1118 1447 1159 unus!
1533 1120 1610 1159 235

334 1190 492 1231 Primus
512 1195 566 1241 et,
589 1191 818 1244 exemplum
839 1191 1018 1244 reliquis,
1040 1191 1261 1244 spolietque
1282 1190 1476 1243 superbus

332 1263 549 1314 AErariuin,
571 1264 818 1317 miserosque
836 1276 941 1304 novo
960 1264 1064 1316 legat
1080 1264 1218 1304 ordine
1239 1268 1384 1316 patres.

334 1337 424 1375 Haec
444 1340 483 1376 et
506 1336 754 1377 Pharsalicas
772 1342 936 1387 mortes,
963 1335 1227 1389 Ephyreaque
1247 1348 1372 1386 arma,

331 1406 621 1460 Thapsumque
640 1413 679 1448 et
703 1409 895 1448 Mundam
916 1413 955 1449 et
981 1408 1172 1461 Capitolia
1191 1409 1384 1461 sanguine
1402 1408 1540 1457 tincta,

331 1479 474 1519 Omnia
497 1485 706 1532 praetereo.
728 1481 921 1521 Succedet
941 1480 1143 1521 maximus
1166 1479 1222 1519 illi
1529 1481 1607 1520 240

329 1551 426 1592 Inde
446 1564 585 1604 nepos,
610 1552 713 1593 clara
735 1552 902 1593 veniens
925 1565 946 1593 a
967 1553 1089 1605 stirpe
1115 1552 1274 1592 sororis.

329 1624 401 1665 Hic
419 1625 521 1666 mihi
541 1625 782 1678 longinquos
803 1627 939 1666 mittet
962 1625 1035 1666 sub
1052 1625 1207 1677 legibus
1232 1624 1364 1674 Indos,

328 1698 628 1750 AEgyptumque
646 1697 758 1738 ferox
776 1703 815 1738 et
839 1697 1007 1738 barbara
1027 1697 1145 1737 sistra
1164 1701 1393 1737 moventem

331 1771 504 1810 Uxorem
523 1770 623 1811 Latii
643 1770 771 1823 capiet
796 1770 920 1811 ducis.
947 1769 1043 1810 Inde
1061 1781 1132 1822 per
1150 1781 1313 1810 omnem

327 1841 528 1882 Fulminet
548 1853 643 1883 ense
657 1842 780 1893 diem,
802 1854 914 1895 reges
934 1842 1035 1894 pede
1062 1841 1285 1894 supprimat
1302 1840 1402 1881 altos
1419 1854 1427 1889 3
1526 1841 1603 1880 245

371 2020 446 2049 224.
469 2018 659 2052 Auricomas
674 2019 707 2051 in
729 2030 787 2052 ms.
807 2023 844 2059 A,
858 2020 912 2052 ubi
930 2028 1046 2051 manus
1063 2018 1220 2059 posterior
1240 2017 1381 2050 correxit
1399 2017 1601 2056 auricomos,-

326 2076 508 2108 auricomos
528 2077 560 2108 in
581 2086 644 2109 ms.
668 2078 704 2115 B,
723 2078 756 2114 C,
780 2079 815 2109 D.

370 2134 446 2164 225.
468 2134 502 2164 ln
523 2143 586 2166 ms.
611 2135 634 2166 A
653 2135 718 2176 leg.
740 2134 896 2167 Hiberum
911 2159 920 2174 ‚
946 2135 1032 2175 quod
1052 2134 1127 2166 dein
1150 2133 1183 2165 in
1204 2132 1352 2167 Rhenum
1381 2141 1497 2164 manus
1524 2142 1599 2172 pos-

326 2189 425 2221 terior
444 2191 593 2223 mutavit.

368 2249 445 2279 231.
468 2247 624 2280 Emrrema
642 2249 673 2280 in
693 2250 746 2280 ed.
770 2250 858 2287 Bas„
880 2252 1016 2281 externa
1038 2249 1069 2279 in
1090 2248 1241 2280 omuibus
1262 2256 1322 2278 ms.

367 2306 444 2336 233.
465 2305 640 2346 Infamiam
661 2306 691 2337 in
710 2308 762 2337 etl.
782 2307 870 2344 Bas„
892 2306 1007 2346 infami.
1025 2310 1092 2337 tam
1114 2306 1146 2337 in
1164 2306 1317 2336 omnibus
1339 2314 1398 2336 ms.

366 2364 442 2394 237.
469 2362 639 2404 Tarpeiam
656 2363 691 2395 in
711 2365 763 2395 ed.
782 2365 871 2402 Bas.,
890 2364 1046 2395 aerarium
1064 2363 1095 2394 in
1117 2363 1268 2394 omnibus
1291 2372 1351 2394 ms.

367 2421 443 2452 239.
470 2419 631 2462 Thapsum
645 2429 701 2461 pro
726 2420 933 2462 Ttearsonque
953 2421 1037 2460 quod
1059 2421 1180 2461 legitur
1200 2420 1233 2451 in
1256 2421 1309 2451 ed.
1328 2421 1399 2451 Bas.
1423 2422 1457 2451 et
1476 2419 1507 2450 in
1529 2428 1598 2450 om-

323 2476 421 2509 nihus
442 2487 503 2509 ms.

367 2536 443 2566 2123.
466 2533 580 2568 Castra
601 2534 634 2566 in
652 2535 704 2567 ed.
727 2536 818 2574 Bas„
837 2535 933 2568 sistra
949 2535 981 2566 in
1001 2535 1153 2567 omnibus
1174 2544 1235 2566 ms.
