1865 2959
866 231 1052 267 -46-

319 331 419 361 rum
443 330 596 361 amore
619 316 690 361 vel
705 316 855 374 potius
882 315 1201 374 superstitione
1219 320 1400 374 captum
1418 330 1534 370 esse,
1555 322 1602 361 ut

318 394 393 452 qui
421 393 558 438 modo
579 393 750 438 litteras
771 397 814 438 et
841 397 960 438 artes
989 393 1035 437 in
1066 393 1189 437 Italia
1215 395 1437 448 renovari,
1465 394 1600 439 modo

318 485 414 516 rem
447 473 693 516 Romanam
723 472 866 530 ipsam
897 472 943 515 in
992 471 1155 516 molius
1183 486 1381 517 crescere
1423 486 1602 531 semper

319 550 522 608 cupierit.
566 550 633 593 Illi
668 563 693 593 a
728 550 874 608 primo
915 549 1130 607 magistro
1181 551 1488 595 Convennolio
1528 551 1602 595 hic

318 642 445 672 amor
470 631 655 672 venerat
680 643 690 681 ;
715 631 885 686 postea,
908 628 984 686 qui
1006 628 1206 672 Montem
1227 627 1524 672 Pessulanum
1558 633 1601 673 et

319 706 570 750 Bononiam
597 719 698 750 soso
734 705 789 749 ad
818 706 893 764 jus
927 705 1056 749 civile
1084 705 1387 764 applicaturus
1420 720 1444 751 a
1479 711 1601 765 patro

320 783 485 828 missus
507 788 614 836 erat,
638 797 823 828 omnem
839 797 1044 842 operam,
1076 788 1230 827 contra
1258 784 1399 828 invito
1419 784 1602 842 quidem

319 862 514 919 primum
556 866 755 920 parente,
801 861 847 904 in
881 860 1031 904 latinis
1069 860 1274 919 legendis
1310 862 1602 920 scriptoribus

318 953 367 983 ac
388 940 613 998 praecipuo
636 940 848 984 Cicerone
875 943 918 983 et
950 939 1134 997 Virgilio
1168 939 1479 983 consumebat.
1512 941 1603 984 Hos

317 1017 400 1060 sibi
428 1018 633 1069 comites,
660 1016 771 1061 (lum
793 1016 918 1061 solus
940 1030 1019 1075 per
1031 1030 1213 1076 campos
1233 1016 1506 1069 ambulabat,
1529 1017 1602 1061 ad-

311 1098 553 1155 junxerat;
591 1095 661 1147 iis,
694 1096 832 1139 etiam
861 1095 905 1138 in
936 1095 1117 1153 vigiliis,
1145 1095 1428 1147 convivebat,
1455 1099 1499 1140 et
1531 1109 1601 1139 eo-

316 1188 417 1218 rum
442 1172 714 1232 exemplaria
751 1173 912 1217 diurna
949 1177 1260 1231 nocturnaque
1282 1187 1418 1216 manu
1451 1186 1601 1217 versa-

316 1251 407 1295 bat.
428 1252 569 1309 Leges
591 1254 759 1303 autem,
782 1251 885 1295 licet
905 1252 1118 1295 Romanae
1133 1251 1410 1309 antiquitatis
1428 1252 1599 1310 plenas,

316 1330 439 1388 parri
458 1328 647 1372 faciebat
664 1345 674 1381 ;
694 1329 1085 1387 patrociniumque
1099 1333 1347 1381 aversatus,
1366 1334 1601 1387 poctame-

317 1407 478 1451 diocris
500 1419 636 1464 quam
663 1406 817 1450 rabula
847 1406 932 1450 (lici
966 1407 1140 1451 maluit.
1167 1407 1346 1451 Latinas
1367 1407 1503 1465 igitur
1529 1407 1601 1450 lit-

317 1490 448 1537 teras,
467 1484 741 1543 jamdudum
756 1489 1046 1530 senescentes
1065 1499 1114 1529 ac
1136 1486 1228 1529 fere
1245 1485 1457 1544 perditas,
1489 1487 1601 1530 assi-

315 1563 403 1608 duo
438 1563 649 1617 excoluit,
679 1568 722 1608 et
748 1564 887 1622 longo
914 1564 1093 1621 lateque
1127 1564 1333 1622 vulgatas
1368 1565 1414 1607 in
1438 1564 1600 1608 melius

314 1642 533 1700 reparavit
557 1658 567 1695 ;
595 1641 746 1687 denuo
771 1656 876 1686 mox
899 1642 1088 1695 nemini,
1111 1642 1243 1700 paulo
1272 1642 1408 1686 modo
1436 1643 1597 1686 huma-

314 1720 443 1773 niori,
465 1720 649 1778 ignotus
672 1720 772 1764 fuit.

373 1798 473 1856 Ipse
506 1798 689 1849 scilicet,
720 1797 861 1842 veluti
886 1798 933 1841 in
956 1797 1181 1842 umbrosis
1219 1799 1444 1843 Heliconis
1475 1798 1597 1842 salti-

314 1875 398 1919 bus
429 1875 589 1928 latens,
617 1875 726 1919 dum
757 1876 994 1921 fervebant
1026 1876 1143 1921 bella
1167 1876 1383 1935 undique,
1406 1876 1461 1920 ad
1480 1877 1598 1921 noti-

314 1953 421 1997 tiam
437 1955 674 1998 vetustatis
697 1955 828 1999 unice
848 1954 1112 1999 incubuerat
1128 1955 1191 2002 tl).
1206 1956 1420 1999 Veterum
1441 1955 1594 2007 libros,

313 2032 480 2089 passim
496 2031 693 2090 dilapsos
709 2045 758 2075 ac
779 2046 917 2091 prope
936 2046 1218 2091 suppressos,
1248 2033 1371 2077 omui
1401 2046 1535 2091 opera
1554 2038 1597 2077 et

314 2108 479 2160 studio,
504 2113 600 2153 tum
625 2123 703 2168 per
721 2110 908 2162 litteras,
937 2114 1033 2154 tum
1056 2111 1151 2169 ipse
1176 2111 1220 2154 in
1243 2111 1496 2164 itineribus,
1522 2126 1599 2169 per

312 2190 453 2230 totam
475 2188 714 2246 Europam,
742 2191 866 2231 trans
889 2202 1012 2232 mare
1033 2190 1184 2240 ctiam,
1222 2190 1266 2232 in
1299 2189 1478 2233 Oriente
1497 2204 1598 2247 pcr-

309 2264 555 2322 quirondos
573 2265 777 2315 curabat;
802 2265 858 2310 de
892 2266 1059 2323 quibus
1089 2267 1185 2325 ipsc
1213 2266 1360 2311 dicere
1384 2267 1557 2311 solebat
1584 2284 1591 2310 :

311 2360 330 2382 «
353 2342 445 2386 Una
481 2343 766 2401 inexplebilis
801 2343 1023 2402 cupiditas
1060 2349 1236 2390 tenet...
1273 2344 1416 2389 Libris
1447 2346 1595 2389 satiari

357 2525 401 2564 {li
423 2523 480 2566 Ep.
505 2525 545 2556 ad
563 2528 646 2566 post.
