1865 2959
723 250 906 285 -119-

186 332 443 378 versabatur
469 332 739 385 auctoribus,
765 332 1033 390 quibuscum
1062 331 1117 375 de
1143 330 1452 390 magnitudine

185 414 380 456 Romana
409 410 607 468 quotidie
629 410 964 467 colloquebatur
979 425 988 461 ;
1020 423 1153 467 quam
1176 410 1342 453 scilicet
1362 410 1453 453 col-

185 489 353 547 lapsam
376 488 574 546 lugebat,
598 487 892 546 cupiebatque
910 487 1202 531 veliementer
1220 491 1267 531 ut
1287 500 1453 532 recrea-

185 570 320 611 retur.
365 567 529 610 Ruinas
563 566 685 609 urbis
725 567 886 624 sapius
918 565 1095 617 invisit,
1144 565 1374 608 columnas
1410 569 1453 609 et

185 644 400 701 scpulcra,
423 644 678 702 templaque
700 649 742 687 et
763 657 905 695 arcus,
936 656 1093 687 omnes
1112 643 1319 700 reliquias
1335 643 1451 700 jam-

185 719 356 778 pridem
387 721 596 778 praeteriti
626 720 854 778 temporis,
881 734 971 763 11011
1000 720 1095 763 sine
1125 720 1304 777 planctu
1328 719 1451 763 vide-

184 796 285 840 licet
306 797 490 840 miratus
512 810 536 840 a
559 800 681 840 tanto
700 810 803 841 casu
821 796 1125 841 renovandam
1147 810 1245 841 esse
1268 798 1452 840 Romam

184 874 486 917 reclamitabat
514 874 575 921 (l).
601 874 726 917 Illam
749 875 885 927 enim,
907 878 1060 932 utpote
1086 874 1251 918 summi
1271 874 1453 932 pontifi-

184 952 245 994 cis
278 955 321 995 et
351 951 592 1009 germanici
624 952 903 1009 imperatoris
935 952 1230 996 necessariam
1265 951 1419 995 sedem
1441 987 1450 1001 ‚

183 1032 314 1085 caput
337 1028 456 1071 orbis
479 1032 697 1072 :eternum
722 1029 931 1073 habebat.
956 1029 1255 1079 Quamobrem
1279 1032 1453 1072 utrum-

184 1119 270 1162 que
288 1106 561 1163 supplicibus
580 1106 727 1150 verbis
748 1107 819 1150 vel
841 1107 1116 1150 orationibus
1140 1111 1343 1165 precatus
1362 1111 1450 1159 est,

184 1186 233 1225 ut
255 1196 382 1226 suam
403 1183 592 1240 quisque
614 1183 800 1227 domum
827 1184 1120 1241 relinqueret,
1147 1185 1297 1228 Romae
1326 1198 1453 1227 man-

184 1273 331 1302 surus.
365 1260 522 1310 Quare
551 1260 735 1317 quidem
762 1275 853 1305 non
881 1261 1134 1319 impetrata,
1161 1276 1311 1320 regem
1341 1263 1453 1306 Nea-

184 1337 432 1395 politanum
466 1338 729 1391 Robertum,
762 1354 894 1396 quem
924 1353 1081 1383 omnes
1108 1340 1153 1383 111
1184 1340 1306 1383 ltalia
1336 1339 1453 1397 pacis

184 1415 415 1467 arbitrum,
456 1416 637 1461 litterati
663 1431 769 1461 vero
803 1431 972 1461 novum
1005 1419 1288 1462 Salomonem
1316 1418 1454 1461 habo-

186 1492 307 1545 baut,
320 1492 499 1537 assidue
514 1494 864 1539 coluit.Venetos
881 1498 924 1539 ct
940 1496 1213 1547 Genuenses,
1229 1500 1323 1539 tum
1336 1495 1453 1539 bello

184 1569 365 1621 divisos,
385 1575 433 1613 ut
453 1584 551 1616 sese
569 1571 613 1614 in
633 1572 865 1629 pristinam
884 1572 1167 1616 concon-liam
1186 1572 1451 1616 reducerent

185 1647 388 1691 hortatus
414 1652 496 1692 est.
530 1649 639 1691 Dein
664 1650 812 1692 virum
837 1650 1066 1708 egregium
1088 1650 1342 1707 quemdam,
1371 1664 1454 1694 no-

185 1725 306 1769 mine
328 1726 557 1769 Nicolaum
582 1726 746 1779 Rienzi,
773 1727 847 1784 qui
869 1727 1191 1785 rempublicam
1211 1729 1455 1772 Romanam

185 1802 417 1846 restituere
437 1807 699 1856 tentaverat,
722 1818 871 1848 rerum
895 1805 1085 1863 potitum
1110 1805 1306 1849 consiliis
1325 1805 1450 1858 fovit,

183 1881 350 1925 Victum
372 1880 586 1931 defendit,
609 1886 652 1925 et
670 1895 846 1940 semper
867 1883 1040 1926 Romuli
1065 1887 1107 1926 01
1126 1883 1293 1926 Camilli
1313 1897 1452 1926 1011111-

185 1958 296 2009 111111,
320 1972 489 2002 novum
505 1958 631 2002 Urbis
659 1959 952 2011 conditorem,
977 1960 1031 2003 ab
1052 1960 1221 2018 ingenti
1241 1960 1454 2018 Scipionis

186 2035 344 2078 umbra
376 2040 624 2093 protectum
658 2037 868 2080 omnibus
897 2037 1206 2088 denuntiatum
1238 2042 1281 2081 et
1311 2051 1454 2094 11111111-

185 2125 319 2169 quam
348 2127 441 2157 rem
469 2126 596 2157 secus
619 2114 857 2171 procedere
879 2114 1064 2165 viderat,
1092 2115 1276 2158 infracto
1305 2118 1454 2158 tamen

186 2189 334 2232 animo
350 2193 393 2233 et
411 2190 501 2248 spei
522 2191 698 2248 penitus
717 2191 898 2248 quidem
923 2191 1163 2236 recondita}
1189 2197 1317 2236 tenax
1335 2206 1455 2250 pers-

189 2265 288 2308 titit.

244 2342 368 2392 Quod
384 2347 534 2388 autem
550 2346 867 2403 spectaculum,
888 2347 1048 2391 melius
1066 2360 1115 2390 ac
1132 2347 1304 2391 felicius
1321 2361 1455 2404 quam

232 2519 277 2559 (l)
300 2516 376 2549 Fam
417 2525 452 2555 11,
476 2519 527 2549 111.

1241 2584 1268 2620 ’,μ
