1865 2959
812 242 1021 278 —161—

281 328 329 367 Et
352 325 472 379 patris
492 329 610 378 atque
631 325 705 366 viri
731 325 955 378 spectacula
973 324 1094 365 cruda
1115 323 1349 375 movebant⁷

282 398 502 450 Omniaque
522 409 765 450 exsuperans
792 396 905 437 fortis
926 396 1114 437 violentia
1133 396 1260 436 Bruti.

282 469 399 510 Illum
416 469 537 521 igitur
560 480 809 521 quacumque
831 468 999 520 gradum
1020 467 1248 518 deflexerat,
1279 467 1420 520 ingens

283 541 415 581 Turba
434 540 672 593 sequebatur
685 540 786 580 ferro
803 540 1001 580 succincta
1021 539 1213 589 virorum,

284 612 542 665 Femineique
563 624 698 664 greges
720 612 891 652 crudelia
914 611 991 651 fata
1013 615 1217 663 gementes

284 684 378 732 Quis
398 683 526 724 fuerat
552 683 695 724 celebri
720 687 894 735 spectata
916 682 1096 722 Lucretia
1114 681 1236 722 fama.

282 756 385 805 Quid
409 757 572 796 moror?
592 755 765 796 Historia
784 759 844 795 est
861 755 1078 795 multarum
1097 753 1271 794 maxima
1292 763 1442 793 rerum.

285 829 366 868 Hoc
390 828 489 868 duce
510 827 715 880 pelluntur
743 839 868 879 regeS‚
893 827 1085 879 exsulque
1114 837 1316 878 senexque

285 898 525 951 Tarquinius
551 899 734 948 moritur,
763 898 846 938 nati
874 909 1031 947 omues,
1054 897 1218 950 diraque
1242 898 1387 949 conjux

287 970 534 1022 Supplicium
555 970 747 1011 scelerum
768 982 851 1010 non
878 981 959 1009 una
979 974 1107 1009 morte
1134 968 1327 1008 tulerunt.

285 1043 439 1083 Corruit
458 1043 501 1082 in
533 1042 684 1083 cineres
703 1042 804 1094 regis
827 1043 970 1082 domus
996 1041 1073 1081 alta
1105 1040 1281 1093 superbi.

286 1116 514 1167 Regnorum
531 1114 595 1154 hic
614 1114 720 1164 finis,
743 1118 833 1166 post
853 1113 936 1153 baec
955 1113 1120 1153 meliora
1141 1117 1365 1164 sequuntur

286 1188 498 1239 Tempora,
520 1192 558 1227 et
577 1186 671 1226 hinc
689 1186 816 1226 nostri
834 1185 996 1226 libertas
1016 1185 1155 1237 incipit
1180 1185 1268 1225 aevi.

288 1261 434 1299 Annua
454 1263 666 1310 perpetuos
687 1261 917 1297 straverunt
932 1258 1024 1309 J‘ura
1038 1261 1248 1309 tyrannos,

289 1331 478 1382 Saevaque
497 1329 682 1381 legitimae
700 1328 902 1381 fregerunt
922 1333 1076 1380 sceptra
1094 1339 1269 1377 secures,

288 1402 418 1453 Atque
438 1412 566 1440 unum
591 1400 777 1452 pepulere
798 1401 891 1450 duo,
914 1400 1115 1452 geminata
1141 1400 1345 1439 modestos

289 1474 407 1512 Ferre
428 1471 685 1524 magistratus
713 1471 842 1511 subito
869 1483 973 1511 nova
994 1471 1105 1523 signa
1125 1471 1295 1511 videres.

290 1544 446 1584 Primus
461 1544 534 1584 init
553 1544 679 1584 fasces
699 1549 834 1584 auctor
853 1543 920 1596 qui
942 1544 1096 1595 primus
1118 1543 1271 1595 adeptae

289 1616 499 1656 Libertatis
519 1621 624 1665 erat;
647 1615 777 1655 studio
799 1616 970 1656 servavit
991 1615 1133 1655 eodem

290 1688 469 1740 Denique
488 1700 565 1740 quo
586 1688 752 1740 peperit.
774 1690 893 1729 Natos
914 1687 981 1740 qui
1002 1687 1108 1740 regia
1127 1686 1294 1726 mallent

292 1760 474 1812 Imperia,
500 1759 665 1800 afflictos
685 1760 805 1811 virgis
827 1764 1070 1811 truncosque
1090 1758 1217 1798 securi

291 1831 489 1884 Compulit
504 1832 553 1872 ad
573 1836 742 1871 mortem
762 1844 831 1883 pro
850 1831 1030 1871 libertate
1054 1842 1192 1871 serena
1210 1844 1217 1868 :

292 1905 391 1943 Tam
409 1904 525 1944 simul
547 1903 684 1944 infelix
705 1904 859 1955 genitor
879 1915 999 1955 quam
1023 1903 1120 1942 civis
1139 1902 1349 1948 honestus,

292 1977 390 2015 Tam
414 1976 564 2028 rigidus
586 1975 724 2016 consul
749 1987 869 2028 quam
887 1974 1082 2016 libertatis
1104 1978 1271 2013 amator.

341 2181 415 2213 761.
438 2181 543 2216 Crnde
562 2181 594 2214 in
612 2183 664 2214 ed.
687 2183 773 2220 Bas„
795 2181 895 2213 cruda
915 2181 948 2212 in
966 2181 1117 2212 omnibus
1134 2189 1195 2211 ms.

340 2241 414 2271 763.
437 2238 566 2281 Quoque
587 2240 619 2271 in
642 2241 692 2271 ed.
712 2240 800 2278 Bas,
822 2247 1023 2280 quacumque
1044 2238 1076 2269 in
1098 2237 1250 2269 omnibus
1270 2245 1330 2267 ms.

339 2298 415 2328 767.
433 2296 541 2329 Moror
560 2297 593 2328 in
611 2298 664 2329 ed.
687 2298 772 2335 Bas„
796 2305 903 2328 morer
921 2296 952 2327 in
973 2295 1124 2327 omnibus
1146 2304 1210 2325 ms.

340 2355 416 2384 770.
440 2353 582 2386 Luerunt
603 2354 634 2385 in
652 2354 703 2385 ed.
721 2354 807 2392 Bas„
831 2353 976 2385 tulerunt
995 2352 1028 2383 in
1049 2351 1199 2383 omuibus
1221 2359 1283 2382 ms.

342 2411 417 2441 776.
442 2410 597 2452 Peperere
617 2410 649 2441 in
667 2411 718 2442 ed.
740 2411 830 2449 Bas„
848 2409 1000 2451 pepulere
1020 2409 1053 2440 in
1076 2408 1226 2440 omnibus
1247 2416 1308 2438 ms.

343 2467 498 2499 778.1vit
519 2467 551 2498 in
570 2468 622 2499 ed.
640 2468 730 2505 Bas„
754 2467 815 2499 init
834 2467 864 2498 in
886 2476 947 2498 ms.
965 2466 1003 2505 Α,
1022 2465 1059 2504 Β,
1081 2466 1117 2503 E,
1140 2466 1173 2496 F.

344 2525 420 2556 780.
443 2523 529 2565 Quos
549 2524 583 2556 in
605 2525 656 2557 ed.
678 2525 765 2563 Bas„
787 2523 902 2565 quoin
924 2533 986 2556 ms.
1008 2523 1045 2562 A,
1066 2522 1104 2560 Β,
1125 2521 1159 2560 C,
1180 2522 1220 2560 D,
1241 2520 1276 2551 F.

1340 2581 1380 2616 11

1485 969 1561 1008 770

1486 1686 1563 1724 780
