1865 2959
882 290 925 295 -
953 269 1021 305 :3⁴22
1049 289 1091 296 -

343 353 559 406 Rolliquias
574 354 803 406 famamque
821 365 910 393 reor
931 365 1161 406 nomenque
1182 353 1420 394 secundum.

343 427 492 466 Verum
517 438 587 478 ego
611 426 800 478 pervideo
823 438 900 478 quo
925 426 1000 465 sim
1026 437 1274 478 progressus,
1297 431 1335 466 et
1358 426 1466 466 unde

342 500 457 539 Nunc
480 498 612 538 redeo.
638 500 851 550 Postquain
872 498 1040 538 Tunetis
1059 498 1184 538 victor
1204 499 1252 538 ad
1279 510 1409 538 arcem

343 570 472 622 Scipio
493 570 690 622 pervenit,
716 569 833 621 legali
859 570 1019 609 tramite
1039 574 1144 610 recto

343 643 458 682 Hunc
477 642 626 682 adeunt
646 642 796 691 tristes,
818 641 1067 694 genibusque
1092 641 1360 682 trementibus
1382 653 1461 681 una

341 713 484 764 Affusi,
513 714 672 754 miseris
699 714 833 753 verbis
854 718 893 753 et
914 713 1090 765 supplice
1113 713 1225 753 vultu

342 788 561 826 Fortunam
582 797 815 838 erroresque
834 797 926 825 suos
946 785 1179 837 rabiemque
1196 784 1367 825 furentis

339 857 575 898 Hannibalis
598 857 815 909 patriaeque
837 868 977 908 graves
1000 857 1085 896 sine
1107 856 1274 896 crimine
1297 868 1411 897 casus

338 930 553 982 Deplorant
570 930 811 982 veniamque
828 933 983 981 petunt.
1011 928 1266 969 Praecluserat
1287 941 1401 969 aures

337 1001 542 1042 Victorum
563 1006 756 1042 temerata
775 1001 889 1050 fides,
912 1013 955 1041 ac
975 1001 1123 1041 Punica
1142 1000 1293 1041 fraudis

337 1074 530 1126 Exempla
551 1074 809 1126 abruptzeque
825 1085 963 1113 recens
983 1073 1129 1125 inJ'uria
1153 1073 1275 1125 pacis.

338 1147 416 1186 Res
436 1147 477 1186 in
497 1145 710 1186 consilium
729 1145 879 1198 perlata
903 1149 963 1186 est
984 1159 992 1195 3
1016 1145 1204 1185 omnibus
1223 1145 1331 1184 idem

337 1218 469 1258 Ardor
489 1224 573 1258 erat
589 1217 694 1258 ferro
713 1218 949 1257 instandum
969 1222 1008 1257 et
1028 1217 1184 1257 vindice
1209 1216 1372 1256 flamma

339 1289 517 1330 Perfidiae
535 1302 579 1330 ac
597 1290 706 1343 pacis
727 1289 858 1330 nullas
879 1289 1091 1330 admittere
1113 1300 1244 1329 voces.

338 1364 581 1403 Cunctorum
605 1361 708 1402 votis
728 1361 864 1401 oberat
883 1361 1089 1413 longicvus
1110 1360 1151 1400 in
1171 1360 1236 1399 illa

338 1434 555 1474 Obsidione
573 1433 699 1484 labor⁷
720 1433 1005 1486 perdendaque
1025 1432 1149 1484 gloria
1167 1437 1289 1472 tantae

338 1508 506 1546 Summa
530 1506 586 1546 rei
612 1505 724 1545 ducis
745 1505 921 1545 adventu
943 1516 1063 1556 quem
1085 1503 1191 1543 fama
1212 1502 1393 1550 canebat,

337 1580 387 1618 At
410 1578 576 1618 minime
599 1578 785 1629 ingentes
813 1577 969 1616 animos
997 1575 1202 1628 fixumque
1223 1575 1439 1615 movebant

336 1649 514 1702 Sepiadae
538 1649 761 1702 ingenium.
783 1649 969 1688 Ventosae
989 1647 1155 1688 nomina
1176 1646 1291 1686 samse.

335 1721 466 1761 Altius
490 1722 686 1774 aspirans,
715 1720 860 1761 coelum
889 1720 1091 1772 spectabat
1118 1725 1156 1760 et
1184 1724 1290 1758 astra

334 1794 583 1846 virtutisque
603 1794 723 1833 decus
742 1792 913 1832 nudum.
941 1794 1094 1831 Tamen
1115 1791 1252 1831 omnia
1270 1790 1337 1829 fidi

338 1868 500 1905 Pectora
520 1864 676 1905 consilii
700 1864 848 1917 pariter
869 1867 1051 1916 permota
1069 1874 1205 1902 severo

338 1937 546 1990 Proposito
571 1936 717 1977 flexere
736 1936 896 1985 ducem,
921 1935 1189 1987 lacrymisque
1216 1933 1381 1986 petitam

337 2009 536 2050 Uberibus
554 2009 702 2062 placuit
721 2009 887 2049 tandem
911 2006 1142 2060 permittere
1162 2018 1316 2058 pacem,

337 2084 386 2122 Et
406 2082 557 2123 bellum
576 2081 692 2123 finire
711 2080 858 2122 ferum.
882 2080 946 2121 Sic
972 2079 1126 2120 villicus
1147 2079 1242 2119 olim

381 2274 456 2304 613.
483 2272 598 2306 Vivetis
617 2272 650 2303 in
669 2272 720 2303 ed.
742 2272 830 2309 Bas„
856 2270 1000 2303 TInnelis
1017 2269 1089 2312 (sic)
1110 2270 1144 2301 in
1162 2269 1313 2301 omuibus
1334 2279 1395 2300 ms.

382 2331 458 2361 615.
476 2328 604 2361 Adeunt
625 2338 708 2360 corr.
734 2328 765 2359 in
788 2337 848 2359 ηις.
872 2328 895 2359 Α
916 2337 973 2368 pro
991 2327 1140 2359 redeunt.

1548 644 1625 681 (515

1541 1003 1623 1040 620

1544 1362 1621 1399 (325

1544 1720 1622 1757 1530

1541 2079 1619 2118 635

381 2389 456 2418 616.
480 2387 629 2418 Diversus
649 2396 765 2427 passus
785 2388 833 2417 est
853 2385 1100 2416 emendationes
1120 2384 1171 2415 liic
1193 2393 1302 2414 versus
1321 2383 1352 2414 iu
1373 2393 1431 2414 ms.
1451 2385 1487 2415 Α.
1511 2383 1616 2424 ΑΠἀεὶ

331 2445 480 2486 precibus
500 2444 638 2481 miseris,
657 2443 752 2484 affitsi
773 2443 932 2483 lacrymas
951 2442 1089 2479 miseri&
1113 2442 1162 2472 vel
1185 2444 1219 2471 ut
1239 2440 1269 2471 in
1294 2441 1348 2471 ed.
1371 2441 1442 2471 Bas.

384 2503 459 2532 625.
483 2499 599 2532 Abera!
621 2500 653 2531 in
677 2501 730 2531 ed.
757 2500 844 2535 Bas,
864 2499 972 2530 oberat
994 2498 1024 2529 iu
1044 2508 1104 2529 ms.
1127 2499 1164 2536 Α,
1186 2497 1222 2534 B,
1244 2497 1279 2534 C,
1300 2498 1338 2535 D,
1360 2498 1394 2528 F.

384 2559 461 2589 63¹1.
482 2557 639 2590 Mundum
660 2556 691 2588 in
707 2556 762 2588 ed.
776 2556 866 2594 Bas„
884 2554 1007 2587 nudum
1029 2554 1061 2586 in
1080 2554 1232 2587 omnibus
1249 2563 1311 2585 ms.
