<?xml version="1.0" encoding="UTF-8"?>
<!DOCTYPE html PUBLIC "-//W3C//DTD XHTML 1.0 Transitional//EN"
    "http://www.w3.org/TR/xhtml1/DTD/xhtml1-transitional.dtd">
<html xmlns="http://www.w3.org/1999/xhtml" xml:lang="en" lang="en">
 <head>
  <title>
</title>
<meta http-equiv="Content-Type" content="text/html;charset=utf-8" />
  <meta name='ocr-system' content='tesseract 3.04.00' />
  <meta name='ocr-capabilities' content='ocr_page ocr_carea ocr_par ocr_line ocrx_word'/>
</head>
<body>
  <div class='ocr_page' id='page_1' title='image "africa1872petr_0035.png"; bbox 0 0 1865 2959; ppageno 0'>
   <div class='ocr_carea' id='block_1_1' title="bbox 207 190 1490 2271">
    <p class='ocr_par' dir='ltr' id='par_1_1' title="bbox 213 190 1489 408">
     <span class='ocr_line' id='line_1_1' title="bbox 759 190 940 224; baseline -0.006 0"><span class='ocrx_word' id='word_1_1' title='bbox 759 209 796 215; x_wconf 90' lang='lat'>-—</span> <span class='ocrx_word' id='word_1_2' title='bbox 826 190 872 224; x_wconf 73' lang='lat'>23</span> <span class='ocrx_word' id='word_1_3' title='bbox 900 209 940 215; x_wconf 91' lang='lat'>—</span> 
     </span>
     <span class='ocr_line' id='line_1_2' title="bbox 213 272 1489 331; baseline 0.001 -15"><span class='ocrx_word' id='word_1_4' title='bbox 213 272 351 325; x_wconf 83' lang='lat' dir='ltr'>fudit,</span> <span class='ocrx_word' id='word_1_5' title='bbox 383 274 507 331; x_wconf 80' lang='lat' dir='ltr'>quasi</span> <span class='ocrx_word' id='word_1_6' title='bbox 541 272 595 315; x_wconf 78' lang='lat' dir='ltr'>ab</span> <span class='ocrx_word' id='word_1_7' title='bbox 620 272 830 315; x_wconf 85' lang='lat' dir='ltr'>omnibus</span> <span class='ocrx_word' id='word_1_8' title='bbox 858 273 962 315; x_wconf 77' lang='lat' dir='ltr'>viris</span> <span class='ocrx_word' id='word_1_9' title='bbox 985 273 1059 330; x_wconf 78' lang='lat' dir='ltr'>qui</span> <span class='ocrx_word' id='word_1_10' title='bbox 1084 274 1270 317; x_wconf 78' lang='lat' dir='ltr'>Romam</span> <span class='ocrx_word' id='word_1_11' title='bbox 1291 273 1489 317; x_wconf 84' lang='lat' dir='ltr'>illustra-</span> 
     </span>
     <span class='ocr_line' id='line_1_3' title="bbox 213 349 1386 408; baseline 0 -13"><span class='ocrx_word' id='word_1_12' title='bbox 213 353 375 396; x_wconf 69' lang='lat' dir='ltr'>verunt</span> <span class='ocrx_word' id='word_1_13' title='bbox 392 350 584 394; x_wconf 79' lang='lat' dir='ltr'>Africani</span> <span class='ocrx_word' id='word_1_14' title='bbox 608 349 852 408; x_wconf 72' lang='lat' dir='ltr'>imaginem</span> <span class='ocrx_word' id='word_1_15' title='bbox 870 349 1135 393; x_wconf 81' lang='lat' dir='ltr'>circumdari</span> <span class='ocrx_word' id='word_1_16' title='bbox 1154 350 1386 395; x_wconf 77' lang='lat' dir='ltr'>voluisset.</span> 
     </span>
    </p>

    <p class='ocr_par' dir='ltr' id='par_1_2' title="bbox 208 427 1490 1650">
     <span class='ocr_line' id='line_1_4' title="bbox 271 427 1489 485; baseline 0 -14"><span class='ocrx_word' id='word_1_17' title='bbox 271 430 415 479; x_wconf 80' lang='lat' dir='ltr'>Quum</span> <span class='ocrx_word' id='word_1_18' title='bbox 450 430 601 471; x_wconf 88' lang='lat' dir='ltr'>autem</span> <span class='ocrx_word' id='word_1_19' title='bbox 635 431 806 485; x_wconf 92' lang='lat' dir='ltr'>septem</span> <span class='ocrx_word' id='word_1_20' title='bbox 844 427 943 470; x_wconf 81' lang='lat' dir='ltr'>libri</span> <span class='ocrx_word' id='word_1_21' title='bbox 974 440 1027 470; x_wconf 79' lang='lat' dir='ltr'>ex</span> <span class='ocrx_word' id='word_1_22' title='bbox 1057 428 1250 471; x_wconf 64' lang='lat' dir='ltr'>Livianis</span> <span class='ocrx_word' id='word_1_23' title='bbox 1293 428 1489 473; x_wconf 84' lang='lat' dir='ltr'>historiis</span> 
     </span>
     <span class='ocr_line' id='line_1_5' title="bbox 213 503 1486 563; baseline -0.001 -13"><span class='ocrx_word' id='word_1_24' title='bbox 213 505 378 563; x_wconf 86' lang='lat' dir='ltr'>sumpti</span> <span class='ocrx_word' id='word_1_25' title='bbox 403 505 506 556; x_wconf 77' lang='lat' dir='ltr'>sint,</span> <span class='ocrx_word' id='word_1_26' title='bbox 532 503 621 547; x_wconf 88' lang='lat' dir='ltr'>duo</span> <span class='ocrx_word' id='word_1_27' title='bbox 644 507 748 547; x_wconf 86' lang='lat' dir='ltr'>sunt</span> <span class='ocrx_word' id='word_1_28' title='bbox 769 518 897 561; x_wconf 84' lang='lat' dir='ltr'>quos,</span> <span class='ocrx_word' id='word_1_29' title='bbox 925 517 950 547; x_wconf 85' lang='lat' dir='ltr'>a</span> <span class='ocrx_word' id='word_1_30' title='bbox 970 504 1178 549; x_wconf 85' lang='lat' dir='ltr'>Cicerone</span> <span class='ocrx_word' id='word_1_31' title='bbox 1200 504 1377 557; x_wconf 85' lang='lat' dir='ltr'>ductus,</span> <span class='ocrx_word' id='word_1_32' title='bbox 1409 519 1486 563; x_wconf 89' lang='lat' dir='ltr'>pe-</span> 
     </span>
     <span class='ocr_line' id='line_1_6' title="bbox 212 580 1487 643; baseline -0.001 -16"><span class='ocrx_word' id='word_1_33' title='bbox 212 583 321 643; x_wconf 73' lang='lat' dir='ltr'>pigit</span> <span class='ocrx_word' id='word_1_34' title='bbox 339 582 589 626; x_wconf 78' lang='lat' dir='ltr'>Petrarcha.</span> <span class='ocrx_word' id='word_1_35' title='bbox 613 581 860 624; x_wconf 80' lang='lat' dir='ltr'>Plurimum</span> <span class='ocrx_word' id='word_1_36' title='bbox 876 580 993 640; x_wconf 84' lang='lat' dir='ltr'>apud</span> <span class='ocrx_word' id='word_1_37' title='bbox 1007 595 1111 625; x_wconf 92' lang='lat' dir='ltr'>eum</span> <span class='ocrx_word' id='word_1_38' title='bbox 1131 582 1298 626; x_wconf 80' lang='lat' dir='ltr'>auctori</span> <span class='ocrx_word' id='word_1_39' title='bbox 1308 585 1392 627; x_wconf 87' lang='lat' dir='ltr'>tate</span> <span class='ocrx_word' id='word_1_40' title='bbox 1410 596 1487 626; x_wconf 79' lang='lat' dir='ltr'>va-</span> 
     </span>
     <span class='ocr_line' id='line_1_7' title="bbox 212 658 1485 717; baseline 0.001 -14"><span class='ocrx_word' id='word_1_41' title='bbox 212 660 294 704; x_wconf 85' lang='lat' dir='ltr'>luit</span> <span class='ocrx_word' id='word_1_42' title='bbox 320 659 484 711; x_wconf 83' lang='lat' dir='ltr'>Cicero,</span> <span class='ocrx_word' id='word_1_43' title='bbox 517 673 650 717; x_wconf 84' lang='lat' dir='ltr'>quem</span> <span class='ocrx_word' id='word_1_44' title='bbox 684 660 778 716; x_wconf 82' lang='lat' dir='ltr'>jam</span> <span class='ocrx_word' id='word_1_45' title='bbox 814 658 897 702; x_wconf 89' lang='lat' dir='ltr'>sibi</span> <span class='ocrx_word' id='word_1_46' title='bbox 930 659 1253 703; x_wconf 85' lang='lat' dir='ltr'>amicissimum</span> <span class='ocrx_word' id='word_1_47' title='bbox 1280 659 1485 704; x_wconf 82' lang='lat' dir='ltr'>ducebat.</span> 
     </span>
     <span class='ocr_line' id='line_1_8' title="bbox 212 736 1485 796; baseline -0.001 -14"><span class='ocrx_word' id='word_1_48' title='bbox 212 738 354 796; x_wconf 85' lang='lat' dir='ltr'>Hujus</span> <span class='ocrx_word' id='word_1_49' title='bbox 384 736 626 795; x_wconf 80' lang='lat' dir='ltr'>quemdam</span> <span class='ocrx_word' id='word_1_50' title='bbox 669 736 867 781; x_wconf 87' lang='lat' dir='ltr'>codicem</span> <span class='ocrx_word' id='word_1_51' title='bbox 905 751 1068 794; x_wconf 83' lang='lat' dir='ltr'>quem,</span> <span class='ocrx_word' id='word_1_52' title='bbox 1123 740 1247 795; x_wconf 74' lang='lat' dir='ltr'>patre</span> <span class='ocrx_word' id='word_1_53' title='bbox 1292 741 1485 791; x_wconf 81' lang='lat' dir='ltr'>mortuo,</span> 
     </span>
     <span class='ocr_line' id='line_1_9' title="bbox 212 814 1489 873; baseline 0.001 -15"><span class='ocrx_word' id='word_1_54' title='bbox 212 815 334 859; x_wconf 90' lang='lat' dir='ltr'>domi</span> <span class='ocrx_word' id='word_1_55' title='bbox 372 816 633 866; x_wconf 72' lang='lat' dir='ltr'>invenerat,</span> <span class='ocrx_word' id='word_1_56' title='bbox 665 814 887 858; x_wconf 78' lang='lat' dir='ltr'>bonorum</span> <span class='ocrx_word' id='word_1_57' title='bbox 920 819 1093 873; x_wconf 84' lang='lat' dir='ltr'>partem</span> <span class='ocrx_word' id='word_1_58' title='bbox 1119 815 1489 872; x_wconf 72' lang='lat' dir='ltr'>pretiosissimam</span> 
     </span>
     <span class='ocr_line' id='line_1_10' title="bbox 212 891 1484 951; baseline 0 -14"><span class='ocrx_word' id='word_1_59' title='bbox 212 893 418 937; x_wconf 83' lang='lat' dir='ltr'>habebat.</span> <span class='ocrx_word' id='word_1_60' title='bbox 464 893 558 936; x_wconf 77' lang='lat' dir='ltr'>Alia</span> <span class='ocrx_word' id='word_1_61' title='bbox 591 891 794 951; x_wconf 84' lang='lat' dir='ltr'>ejusdem</span> <span class='ocrx_word' id='word_1_62' title='bbox 836 892 1063 950; x_wconf 82' lang='lat' dir='ltr'>scriptoris</span> <span class='ocrx_word' id='word_1_63' title='bbox 1097 892 1260 950; x_wconf 76' lang='lat' dir='ltr'>reperit</span> <span class='ocrx_word' id='word_1_64' title='bbox 1300 896 1484 950; x_wconf 79' lang='lat' dir='ltr'>postea,</span> 
     </span>
     <span class='ocr_line' id='line_1_11' title="bbox 210 970 1483 1023; baseline 0 -9"><span class='ocrx_word' id='word_1_65' title='bbox 210 975 306 1015; x_wconf 83' lang='lat' dir='ltr'>tum</span> <span class='ocrx_word' id='word_1_66' title='bbox 344 970 513 1014; x_wconf 74' lang='lat' dir='ltr'>litteras</span> <span class='ocrx_word' id='word_1_67' title='bbox 555 970 820 1021; x_wconf 74' lang='lat' dir='ltr'>familiares,</span> <span class='ocrx_word' id='word_1_68' title='bbox 873 973 967 1013; x_wconf 81' lang='lat' dir='ltr'>tum</span> <span class='ocrx_word' id='word_1_69' title='bbox 1009 973 1060 1012; x_wconf 74' lang='lat' dir='ltr'>(le</span> <span class='ocrx_word' id='word_1_70' title='bbox 1108 972 1255 1014; x_wconf 65' lang='lat' dir='ltr'>Gloria</span> <span class='ocrx_word' id='word_1_71' title='bbox 1287 970 1483 1023; x_wconf 81' lang='lat' dir='ltr'>librum,</span> 
     </span>
     <span class='ocr_line' id='line_1_12' title="bbox 210 1047 1487 1106; baseline -0.001 -13"><span class='ocrx_word' id='word_1_72' title='bbox 210 1054 253 1093; x_wconf 78' lang='lat' dir='ltr'>ct</span> <span class='ocrx_word' id='word_1_73' title='bbox 273 1050 450 1093; x_wconf 77' lang='lat' dir='ltr'>Senecae</span> <span class='ocrx_word' id='word_1_74' title='bbox 480 1049 635 1100; x_wconf 76' lang='lat' dir='ltr'>instar,</span> <span class='ocrx_word' id='word_1_75' title='bbox 665 1049 709 1091; x_wconf 92' lang='lat' dir='ltr'>in</span> <span class='ocrx_word' id='word_1_76' title='bbox 739 1061 791 1092; x_wconf 90' lang='lat' dir='ltr'>eo</span> <span class='ocrx_word' id='word_1_77' title='bbox 812 1048 1046 1106; x_wconf 77' lang='lat' dir='ltr'>ingenium</span> <span class='ocrx_word' id='word_1_78' title='bbox 1068 1047 1178 1091; x_wconf 89' lang='lat' dir='ltr'>illud</span> <span class='ocrx_word' id='word_1_79' title='bbox 1210 1065 1232 1088; x_wconf 88' lang='grc'><strong><em>«</em></strong></span> <span class='ocrx_word' id='word_1_80' title='bbox 1265 1048 1385 1106; x_wconf 84' lang='lat' dir='ltr'>quod</span> <span class='ocrx_word' id='word_1_81' title='bbox 1414 1062 1487 1092; x_wconf 92' lang='lat' dir='ltr'>so-</span> 
     </span>
     <span class='ocr_line' id='line_1_13' title="bbox 209 1125 1484 1184; baseline -0.002 -15"><span class='ocrx_word' id='word_1_82' title='bbox 209 1127 303 1169; x_wconf 90' lang='lat' dir='ltr'>lum</span> <span class='ocrx_word' id='word_1_83' title='bbox 336 1126 531 1184; x_wconf 90' lang='lat' dir='ltr'>populus</span> <span class='ocrx_word' id='word_1_84' title='bbox 560 1127 789 1170; x_wconf 82' lang='lat' dir='ltr'>Romanus</span> <span class='ocrx_word' id='word_1_85' title='bbox 826 1139 905 1183; x_wconf 80' lang='lat' dir='ltr'>par</span> <span class='ocrx_word' id='word_1_86' title='bbox 935 1125 1122 1183; x_wconf 83' lang='lat' dir='ltr'>imperio</span> <span class='ocrx_word' id='word_1_87' title='bbox 1160 1139 1241 1169; x_wconf 87' lang='lat' dir='ltr'>suo</span> <span class='ocrx_word' id='word_1_88' title='bbox 1279 1125 1436 1169; x_wconf 85' lang='lat' dir='ltr'>habuit</span> <span class='ocrx_word' id='word_1_89' title='bbox 1463 1144 1484 1166; x_wconf 87' lang='grc'>»</span> 
     </span>
     <span class='ocr_line' id='line_1_14' title="bbox 210 1202 1487 1261; baseline 0 -15"><span class='ocrx_word' id='word_1_90' title='bbox 210 1204 453 1247; x_wconf 75' lang='lat' dir='ltr'>mirabatur</span> <span class='ocrx_word' id='word_1_91' title='bbox 482 1203 545 1249; x_wconf 76' lang='lat' dir='ltr'>(l).</span> <span class='ocrx_word' id='word_1_92' title='bbox 581 1202 647 1246; x_wconf 82' lang='lat' dir='ltr'>Ad</span> <span class='ocrx_word' id='word_1_93' title='bbox 681 1217 816 1260; x_wconf 80' lang='lat' dir='ltr'>quem</span> <span class='ocrx_word' id='word_1_94' title='bbox 851 1203 962 1246; x_wconf 89' lang='lat' dir='ltr'>duas</span> <span class='ocrx_word' id='word_1_95' title='bbox 990 1203 1203 1260; x_wconf 78' lang='lat' dir='ltr'>epistolas</span> <span class='ocrx_word' id='word_1_96' title='bbox 1226 1203 1414 1261; x_wconf 81' lang='lat' dir='ltr'>scripsit,</span> <span class='ocrx_word' id='word_1_97' title='bbox 1443 1203 1487 1246; x_wconf 91' lang='lat' dir='ltr'>iu</span> 
     </span>
     <span class='ocr_line' id='line_1_15' title="bbox 210 1279 1487 1339; baseline -0.002 -14"><span class='ocrx_word' id='word_1_98' title='bbox 210 1282 373 1339; x_wconf 84' lang='lat' dir='ltr'>quibus</span> <span class='ocrx_word' id='word_1_99' title='bbox 411 1282 509 1339; x_wconf 78' lang='lat' dir='ltr'>ejus</span> <span class='ocrx_word' id='word_1_100' title='bbox 550 1281 806 1324; x_wconf 75' lang='lat' dir='ltr'>facultatem</span> <span class='ocrx_word' id='word_1_101' title='bbox 846 1281 890 1323; x_wconf 90' lang='lat' dir='ltr'>in</span> <span class='ocrx_word' id='word_1_102' title='bbox 931 1279 1122 1324; x_wconf 87' lang='lat' dir='ltr'>dicendo</span> <span class='ocrx_word' id='word_1_103' title='bbox 1163 1281 1314 1338; x_wconf 88' lang='lat' dir='ltr'>potius</span> <span class='ocrx_word' id='word_1_104' title='bbox 1353 1294 1487 1337; x_wconf 81' lang='lat' dir='ltr'>quam</span> 
     </span>
     <span class='ocr_line' id='line_1_16' title="bbox 209 1357 1490 1415; baseline -0.002 -13"><span class='ocrx_word' id='word_1_105' title='bbox 209 1358 345 1402; x_wconf 86' lang='lat' dir='ltr'>animi</span> <span class='ocrx_word' id='word_1_106' title='bbox 392 1358 691 1401; x_wconf 76' lang='lat' dir='ltr'>constantiam</span> <span class='ocrx_word' id='word_1_107' title='bbox 744 1359 788 1400; x_wconf 90' lang='lat' dir='ltr'>iu</span> <span class='ocrx_word' id='word_1_108' title='bbox 853 1357 1028 1415; x_wconf 72' lang='lat' dir='ltr'>agendo</span> <span class='ocrx_word' id='word_1_109' title='bbox 1084 1357 1298 1408; x_wconf 77' lang='lat' dir='ltr'>mi1²atui·;</span> <span class='ocrx_word' id='word_1_110' title='bbox 1368 1358 1490 1400; x_wconf 87' lang='lat' dir='ltr'>hunc</span> 
     </span>
     <span class='ocr_line' id='line_1_17' title="bbox 213 1435 1484 1493; baseline 0.004 -18"><span class='ocrx_word' id='word_1_111' title='bbox 213 1454 233 1476; x_wconf 86' lang='lat'>«</span> <span class='ocrx_word' id='word_1_112' title='bbox 265 1450 494 1479; x_wconf 88' lang='lat' dir='ltr'>summum</span> <span class='ocrx_word' id='word_1_113' title='bbox 516 1436 639 1478; x_wconf 84' lang='lat' dir='ltr'>latini</span> <span class='ocrx_word' id='word_1_114' title='bbox 663 1435 827 1493; x_wconf 78' lang='lat' dir='ltr'>eloquii</span> <span class='ocrx_word' id='word_1_115' title='bbox 843 1438 1074 1493; x_wconf 76' lang='lat' dir='ltr'>parentem</span> <span class='ocrx_word' id='word_1_116' title='bbox 1100 1452 1120 1474; x_wconf 74' lang='lat' dir='ltr'>n</span> <span class='ocrx_word' id='word_1_117' title='bbox 1145 1435 1252 1477; x_wconf 85' lang='lat' dir='ltr'>alias</span> <span class='ocrx_word' id='word_1_118' title='bbox 1270 1439 1398 1479; x_wconf 68' lang='lat' dir='ltr'>vocat</span> <span class='ocrx_word' id='word_1_119' title='bbox 1416 1435 1460 1481; x_wconf 71' lang='lat'>(2)</span> <span class='ocrx_word' id='word_1_120' title='bbox 1475 1451 1484 1486; x_wconf 89' lang='lat'>;</span> 
     </span>
     <span class='ocr_line' id='line_1_18' title="bbox 209 1512 1487 1571; baseline -0.001 -14"><span class='ocrx_word' id='word_1_121' title='bbox 209 1513 407 1571; x_wconf 83' lang='lat' dir='ltr'>undique</span> <span class='ocrx_word' id='word_1_122' title='bbox 428 1513 627 1557; x_wconf 80' lang='lat' dir='ltr'>scribens</span> <span class='ocrx_word' id='word_1_123' title='bbox 648 1527 747 1557; x_wconf 87' lang='lat' dir='ltr'>sese</span> <span class='ocrx_word' id='word_1_124' title='bbox 765 1513 1062 1557; x_wconf 75' lang='lat' dir='ltr'>Ciceronianis</span> <span class='ocrx_word' id='word_1_125' title='bbox 1084 1512 1283 1556; x_wconf 83' lang='lat' dir='ltr'>fontibus</span> <span class='ocrx_word' id='word_1_126' title='bbox 1305 1526 1487 1571; x_wconf 81' lang='lat' dir='ltr'>prorsus</span> 
     </span>
     <span class='ocr_line' id='line_1_19' title="bbox 208 1592 741 1650; baseline -0.004 -14"><span class='ocrx_word' id='word_1_127' title='bbox 208 1593 472 1636; x_wconf 77' lang='lat' dir='ltr'>immersum</span> <span class='ocrx_word' id='word_1_128' title='bbox 492 1592 741 1650; x_wconf 73' lang='lat' dir='ltr'>profitetur.</span> 
     </span>
    </p>

    <p class='ocr_par' dir='ltr' id='par_1_3' title="bbox 207 1668 1487 2271">
     <span class='ocr_line' id='line_1_20' title="bbox 266 1668 1486 1727; baseline -0.001 -14"><span class='ocrx_word' id='word_1_129' title='bbox 266 1670 401 1713; x_wconf 82' lang='lat' dir='ltr'>Multa</span> <span class='ocrx_word' id='word_1_130' title='bbox 423 1669 606 1727; x_wconf 78' lang='lat' dir='ltr'>quidem</span> <span class='ocrx_word' id='word_1_131' title='bbox 627 1683 679 1713; x_wconf 81' lang='lat' dir='ltr'>ex</span> <span class='ocrx_word' id='word_1_132' title='bbox 699 1683 750 1713; x_wconf 94' lang='lat' dir='ltr'>eo</span> <span class='ocrx_word' id='word_1_133' title='bbox 775 1670 967 1727; x_wconf 83' lang='lat' dir='ltr'>sumpsit</span> <span class='ocrx_word' id='word_1_134' title='bbox 985 1670 1029 1712; x_wconf 90' lang='lat' dir='ltr'>in</span> <span class='ocrx_word' id='word_1_135' title='bbox 1052 1668 1336 1726; x_wconf 79' lang='lat' dir='ltr'>pedestribus</span> <span class='ocrx_word' id='word_1_136' title='bbox 1357 1682 1486 1726; x_wconf 82' lang='lat' dir='ltr'>opus-</span> 
     </span>
     <span class='ocr_line' id='line_1_21' title="bbox 208 1747 1482 1805; baseline -0.002 -14"><span class='ocrx_word' id='word_1_137' title='bbox 208 1748 340 1799; x_wconf 76' lang='lat' dir='ltr'>culis,</span> <span class='ocrx_word' id='word_1_138' title='bbox 372 1748 592 1805; x_wconf 71' lang='lat' dir='ltr'>pi²aecipue</span> <span class='ocrx_word' id='word_1_139' title='bbox 620 1748 665 1790; x_wconf 87' lang='lat' dir='ltr'>in</span> <span class='ocrx_word' id='word_1_140' title='bbox 694 1747 806 1791; x_wconf 80' lang='lat' dir='ltr'>libro</span> <span class='ocrx_word' id='word_1_141' title='bbox 842 1750 898 1789; x_wconf 76' lang='lat' dir='ltr'>Dc</span> <span class='ocrx_word' id='word_1_142' title='bbox 933 1750 1005 1789; x_wconf 65' lang='lat' dir='ltr'>sui</span> <span class='ocrx_word' id='word_1_143' title='bbox 1036 1750 1175 1801; x_wconf 65' lang='lat' dir='ltr'>ipsius</span> <span class='ocrx_word' id='word_1_144' title='bbox 1208 1750 1482 1801; x_wconf 37' lang='lat' dir='ltr'>lquorafrzlla.</span> 
     </span>
     <span class='ocr_line' id='line_1_22' title="bbox 208 1824 1487 1882; baseline -0.002 -13"><span class='ocrx_word' id='word_1_145' title='bbox 208 1826 425 1869; x_wconf 68' lang='lat' dir='ltr'>Praeterea</span> <span class='ocrx_word' id='word_1_146' title='bbox 447 1838 564 1882; x_wconf 59' lang='lat' dir='ltr'>szepe</span> <span class='ocrx_word' id='word_1_147' title='bbox 589 1825 868 1882; x_wconf 78' lang='lat' dir='ltr'>Scipionibus</span> <span class='ocrx_word' id='word_1_148' title='bbox 899 1828 976 1867; x_wconf 86' lang='lat' dir='ltr'>aut</span> <span class='ocrx_word' id='word_1_149' title='bbox 1002 1824 1146 1867; x_wconf 80' lang='lat' dir='ltr'>Laeliis</span> <span class='ocrx_word' id='word_1_150' title='bbox 1168 1824 1487 1882; x_wconf 76' lang='lat' dir='ltr'>interpretibus</span> 
     </span>
     <span class='ocr_line' id='line_1_23' title="bbox 209 1901 1487 1959; baseline -0.002 -13"><span class='ocrx_word' id='word_1_151' title='bbox 209 1917 316 1946; x_wconf 85' lang='lat' dir='ltr'>usus</span> <span class='ocrx_word' id='word_1_152' title='bbox 344 1906 436 1947; x_wconf 77' lang='lat' dir='ltr'>erat</span> <span class='ocrx_word' id='word_1_153' title='bbox 456 1903 641 1946; x_wconf 86' lang='lat' dir='ltr'>Tullius.</span> <span class='ocrx_word' id='word_1_154' title='bbox 679 1903 791 1945; x_wconf 84' lang='lat' dir='ltr'>Nam</span> <span class='ocrx_word' id='word_1_155' title='bbox 813 1902 857 1945; x_wconf 90' lang='lat' dir='ltr'>in</span> <span class='ocrx_word' id='word_1_156' title='bbox 879 1902 991 1946; x_wconf 86' lang='lat' dir='ltr'>libro</span> <span class='ocrx_word' id='word_1_157' title='bbox 1013 1916 1149 1959; x_wconf 84' lang='lat' dir='ltr'>quem</span> <span class='ocrx_word' id='word_1_158' title='bbox 1173 1901 1228 1945; x_wconf 88' lang='lat' dir='ltr'>de</span> <span class='ocrx_word' id='word_1_159' title='bbox 1248 1902 1487 1959; x_wconf 82' lang='lat' dir='ltr'>Republica</span> 
     </span>
     <span class='ocr_line' id='line_1_24' title="bbox 208 1980 1485 2038; baseline -0.002 -13"><span class='ocrx_word' id='word_1_160' title='bbox 208 1981 475 2038; x_wconf 86' lang='lat' dir='ltr'>composuit,</span> <span class='ocrx_word' id='word_1_161' title='bbox 522 1980 810 2024; x_wconf 87' lang='lat' dir='ltr'>AEmilianum</span> <span class='ocrx_word' id='word_1_162' title='bbox 841 1980 1050 2024; x_wconf 68' lang='lat' dir='ltr'>videmus</span> <span class='ocrx_word' id='word_1_163' title='bbox 1082 1993 1106 2022; x_wconf 91' lang='lat' dir='ltr'>a</span> <span class='ocrx_word' id='word_1_164' title='bbox 1133 1980 1389 2023; x_wconf 87' lang='lat' dir='ltr'>Massinissa</span> <span class='ocrx_word' id='word_1_165' title='bbox 1416 1994 1485 2024; x_wconf 81' lang='lat' dir='ltr'>rc-</span> 
     </span>
     <span class='ocr_line' id='line_1_25' title="bbox 207 2057 1484 2116; baseline -0.001 -16"><span class='ocrx_word' id='word_1_166' title='bbox 207 2058 278 2116; x_wconf 75' lang='lat' dir='ltr'>gio</span> <span class='ocrx_word' id='word_1_167' title='bbox 300 2061 512 2116; x_wconf 76' lang='lat' dir='ltr'>apparatu</span> <span class='ocrx_word' id='word_1_168' title='bbox 545 2062 797 2116; x_wconf 83' lang='lat' dir='ltr'>exceptum,</span> <span class='ocrx_word' id='word_1_169' title='bbox 825 2061 873 2101; x_wconf 82' lang='lat' dir='ltr'>ut</span> <span class='ocrx_word' id='word_1_170' title='bbox 895 2059 939 2101; x_wconf 91' lang='lat' dir='ltr'>in</span> <span class='ocrx_word' id='word_1_171' title='bbox 968 2060 1119 2112; x_wconf 46' lang='lat' dir='ltr'>Africa</span> <span class='ocrx_word' id='word_1_172' title='bbox 1148 2057 1334 2100; x_wconf 68' lang='lat' dir='ltr'>Leelium</span> <span class='ocrx_word' id='word_1_173' title='bbox 1358 2061 1381 2099; x_wconf 75' lang='lat' dir='ltr'>a</span> <span class='ocrx_word' id='word_1_174' title='bbox 1404 2057 1484 2113; x_wconf 73' lang='lat' dir='ltr'>Sy-</span> 
     </span>
     <span class='ocr_line' id='line_1_26' title="bbox 207 2134 1484 2193; baseline -0.001 -16"><span class='ocrx_word' id='word_1_175' title='bbox 207 2136 362 2193; x_wconf 80' lang='lat' dir='ltr'>phace,</span> <span class='ocrx_word' id='word_1_176' title='bbox 407 2139 451 2179; x_wconf 85' lang='lat' dir='ltr'>ot</span> <span class='ocrx_word' id='word_1_177' title='bbox 488 2136 532 2178; x_wconf 92' lang='lat' dir='ltr'>in</span> <span class='ocrx_word' id='word_1_178' title='bbox 584 2135 771 2179; x_wconf 89' lang='lat' dir='ltr'>somniis</span> <span class='ocrx_word' id='word_1_179' title='bbox 807 2149 909 2178; x_wconf 89' lang='lat' dir='ltr'>cum</span> <span class='ocrx_word' id='word_1_180' title='bbox 950 2138 1078 2178; x_wconf 67' lang='lat' dir='ltr'>atavo</span> <span class='ocrx_word' id='word_1_181' title='bbox 1117 2149 1198 2178; x_wconf 89' lang='lat' dir='ltr'>suo</span> <span class='ocrx_word' id='word_1_182' title='bbox 1221 2171 1230 2187; x_wconf 86' lang='lat'><strong><em>,</em></strong></span> <span class='ocrx_word' id='word_1_183' title='bbox 1280 2134 1484 2177; x_wconf 45' lang='grc' dir='ltr'>,λῇ-1011110</span> 
     </span>
     <span class='ocr_line' id='line_1_27' title="bbox 208 2212 1485 2271; baseline 0.001 -15"><span class='ocrx_word' id='word_1_184' title='bbox 208 2213 369 2270; x_wconf 79' lang='lat' dir='ltr'>priore,</span> <span class='ocrx_word' id='word_1_185' title='bbox 393 2213 741 2271; x_wconf 81' lang='lat' dir='ltr'>colloquentem.</span> <span class='ocrx_word' id='word_1_186' title='bbox 765 2213 910 2257; x_wconf 82' lang='lat' dir='ltr'>Ambo</span> <span class='ocrx_word' id='word_1_187' title='bbox 930 2213 986 2257; x_wconf 87' lang='lat' dir='ltr'>de</span> <span class='ocrx_word' id='word_1_188' title='bbox 1007 2212 1170 2257; x_wconf 82' lang='lat' dir='ltr'>futuris</span> <span class='ocrx_word' id='word_1_189' title='bbox 1193 2212 1373 2257; x_wconf 57' lang='lat' dir='ltr'>familia),</span> <span class='ocrx_word' id='word_1_190' title='bbox 1394 2226 1485 2257; x_wconf 79' lang='lat' dir='ltr'>suae</span> 
     </span>
    </p>
   </div>
   <div class='ocr_carea' id='block_1_2' title="bbox 250 2409 604 2508">
    <p class='ocr_par' dir='ltr' id='par_1_4' title="bbox 250 2409 604 2508">
     <span class='ocr_line' id='line_1_28' title="bbox 250 2409 604 2449; baseline 0 -8"><span class='ocrx_word' id='word_1_191' title='bbox 250 2411 298 2449; x_wconf 83' lang='lat'>(1)</span> <span class='ocrx_word' id='word_1_192' title='bbox 321 2409 415 2441; x_wconf 81' lang='lat' dir='ltr'>Fam.</span> <span class='ocrx_word' id='word_1_193' title='bbox 436 2417 529 2448; x_wconf 77' lang='lat' dir='ltr'>xviii,</span> <span class='ocrx_word' id='word_1_194' title='bbox 553 2412 604 2442; x_wconf 73' lang='grc'>14.</span> 
     </span>
     <span class='ocr_line' id='line_1_29' title="bbox 250 2466 576 2508; baseline 0 -9"><span class='ocrx_word' id='word_1_195' title='bbox 250 2466 296 2508; x_wconf 77' lang='grc'>(2)</span> <span class='ocrx_word' id='word_1_196' title='bbox 318 2466 409 2499; x_wconf 72' lang='lat' dir='ltr'>Fam.</span> <span class='ocrx_word' id='word_1_197' title='bbox 433 2474 500 2504; x_wconf 74' lang='grc' dir='ltr'>Χνι,</span> <span class='ocrx_word' id='word_1_198' title='bbox 524 2467 576 2499; x_wconf 73' lang='lat'>14.</span> 
     </span>
    </p>
   </div>
  </div>
 </body>
</html>
