1865 2959
767 244 953 279 ...87oe

226 330 489 382 Omnipotens
510 329 677 368 adversa
695 328 849 368 aditum
863 333 1005 368 natura
1022 330 1206 381 negabat.

225 401 425 450 Constitit,
446 404 563 451 atque
584 399 709 439 avidis
726 404 970 452 praereptum
990 399 1170 441 faucibus
1188 402 1347 443 hostem

226 471 397 512 Indoluit
415 470 556 510 vicisse
576 482 720 522 parum
744 485 752 510 ε
770 472 855 522 J'am
872 470 1057 511 blandior
1073 484 1223 523 aegrum

225 547 312 584 Non
330 543 476 582 mulcet
494 542 654 582 fortuna
669 543 849 582 animum
866 557 875 592 3
904 543 1141 595 Carthagine
1156 549 1261 585 recta
1425 549 1499 587 135

225 614 356 654 Gloria
380 618 583 666 gestarum
604 614 789 654 sordebat
808 613 957 666 fulgida
977 626 1127 654 rerum.

224 688 375 738 Nempe
398 685 557 725 videbat
573 685 704 725 adhue
719 685 931 738 profugum
949 686 1168 738 longinqua
1183 691 1365 728 tuentem

224 760 425 810 Lentaque
448 756 638 797 semineci
657 757 883 797 vibrantem
901 758 1051 810 spicula
1066 758 1218 798 dextra.

222 829 397 869 Turbida
416 829 514 880 quin
535 829 656 868 etiam
674 829 905 869 rumoribus
925 829 1061 869 omnia
1087 830 1276 880 miscens,

223 903 343 941 Fama
360 900 495 952 procul
522 904 660 940 nostro
687 901 853 941 veniens
874 900 1075 941 crescebat
1100 901 1147 941 ab
1168 901 1263 942 orbe
1419 905 1498 942 140

220 972 389 1013 Areibus
413 972 635 1011 instantem
658 972 847 1012 Ausoniis
862 971 1028 1012 volitare
1048 972 1121 1012 sub
1142 973 1264 1013 armis

219 1042 500 1093 Hannibalem,
521 1043 738 1095 patriaeque
755 1042 859 1083 faces
880 1043 953 1083 sub
972 1044 1122 1084 moenia
1141 1043 1232 1084 ferri
1251 1058 1260 1094 ;

219 1114 397 1154 Illustres
417 1114 606 1154 cecidisse
633 1115 767 1165 duces,
791 1114 930 1155 ardere
947 1114 1133 1155 nefandis

221 1186 380 1238 Ignibus
402 1186 651 1239 Hesperiam,
674 1191 791 1239 atque
811 1187 1006 1227 undantia
1026 1187 1200 1227 eaedibus
1224 1199 1331 1228 arva.

220 1258 390 1310 Urgebat
407 1258 580 1298 vindicta
599 1258 738 1310 patris,
761 1259 966 1311 pietasque
983 1259 1174 1299 monebat
1418 1264 1493 1300 1145

219 1331 269 1369 Ut
289 1334 462 1381 coeptum
478 1334 711 1381 sequeretur
731 1341 829 1382 opus
852 1342 861 1370 :
882 1341 977 1370 nam
1003 1330 1196 1382 sanguine
1224 1342 1326 1371 saevo

218 1403 419 1442 Gaesorum
437 1401 668 1453 cineresque
685 1413 815 1441 sacros
835 1401 1076 1454 umbrasque
1090 1407 1304 1454 parentum

219 1473 380 1522 Plaoari‚
401 1477 519 1525 atque
535 1473 631 1512 Itala
651 1473 798 1524 detergi
818 1472 949 1513 fronte
970 1473 1181 1525 pudorem.

216 1544 287 1584 Hic
301 1556 413 1584 amor
432 1544 641 1585 assiduum
661 1544 846 1596 pulsabat
866 1550 1025 1597 pectora
1042 1544 1137 1584 clari

213 1616 418 1668 Scipiadae,
435 1616 478 1655 in
500 1614 674 1656 frontem
698 1616 859 1656 eliciens
879 1616 1094 1668 oculosque
1109 1617 1277 1668 Juventa
1415 1619 1491 1657 150

213 1687 426 1739 Fulgentes
444 1687 568 1728 calido
585 1700 796 1740 generosas
816 1689 933 1729 eorde
952 1688 1121 1748 favillas.

213 1759 342 1799 Anxia
356 1771 451 1810 nox,
471 1772 636 1812 operosa
655 1760 755 1809 dies,
775 1760 841 1800 vix
860 1760 941 1800 ulla
972 1749 1117 1812 quietis

214 1832 318 1871 Hora
337 1831 452 1871 duoi:
474 1836 585 1871 tanta
604 1830 802 1871 indomito
819 1831 892 1872 sub
909 1836 1067 1884 pectore
1086 1831 1228 1873 virtus.

267 1974 347 2012 Has
363 1973 468 2013 inter
491 1985 621 2023 ouras,
642 1973 711 2013 ubi
732 1973 882 2014 sensim
905 1974 1156 2027 amplexibus
1180 1974 1276 2015 atris

214 2046 301 2085 Nox
319 2045 441 2085 udam
458 2045 618 2086 laxabat
642 2045 831 2096 humum,
849 2046 1039 2087 Tithonia
1067 2047 1252 2100 quamvis
1412 2049 1489 2088 155

213 2116 321 2156 Uxor
334 2116 464 2157 adhuc
483 2116 740 2170 gelidumque
761 2129 899 2159 senem
922 2118 1130 2171 complexa
1147 2117 1314 2170 foveret,

258 2295 333 2326 137.
359 2294 531 2328 Tenentem
552 2296 585 2327 in
600 2296 653 2328 ed.
670 2296 757 2334 Bas„
777 2300 922 2329 tuentem
943 2297 974 2329 in
996 2297 1148 2330 omnibus
1167 2307 1229 2330 ms.

256 2353 331 2382 141.
356 2350 522 2383 Astantem
540 2361 599 2392 pro
619 2354 795 2385 instantem
815 2353 848 2384 in
869 2363 931 2385 ms.
954 2355 990 2385 E.

254 2409 330 2439 145.
351 2407 495 2440 Movebat
516 2408 547 2439 in
570 2410 622 2440 ed.
644 2409 734 2446 Bas„
758 2410 907 2441 monebat
922 2410 955 2441 in
976 2410 1129 2443 omnibus
1146 2421 1207 2442 ms.

256 2466 330 2497 118.
354 2465 498 2506 Deterqit
516 2465 549 2496 in
570 2467 622 2496 ed.
643 2466 730 2505 Bas„
752 2466 876 2508 deteryi
893 2467 926 2498 in
945 2477 1008 2499 ms.
1029 2468 1063 2503 C.
1085 2469 1119 2499 E.

256 2522 333 2553 155.
350 2521 485 2554 Laxavit
505 2531 561 2562 pro
579 2522 709 2555 laxabat
731 2524 761 2556 in
781 2533 841 2555 ms.
863 2524 900 2563 B,
923 2525 957 2563 C,
979 2525 1017 2556 D.
