1865 2959
822 219 1029 253 -231—

293 301 422 341 ltalico
446 313 519 342 nec
539 302 670 341 adhuc
693 313 808 341 mens
836 302 1027 342 exsatiata
1047 314 1186 343 cruore

291 376 400 413 Szeva
425 373 495 412 viri
518 374 567 412 ad
590 376 726 413 Manes
750 385 938 425 suprema
961 374 1113 426 piacula
1134 375 1270 414 mittit.
1487 378 1564 416 470

290 447 374 485 Heu
398 445 623 484 miseranda
645 445 748 484 acies
772 445 1010 485 miserorum
1034 450 1071 485 et
1090 457 1234 497 magua
1251 447 1442 497 virorum,

289 518 372 565 Quo
393 521 460 555 tua
479 521 517 556 te
538 516 697 556 fortuna
722 516 839 556 tulit?
860 516 1089 556 Formidine
1110 522 1323 569 postquam

289 589 451 627 Frustra
475 587 631 627 animos
650 592 824 627 tentasse
846 587 968 637 videt,
992 588 1023 627 si
1044 592 1171 628 castra
1195 593 1358 629 cruenta

289 662 404 700 Forte
424 659 550 711 sequi,
578 664 616 698 et
636 658 842 711 profugam
865 659 1011 699 vellent
1033 660 1300 700 conscendere
1324 660 1507 710 classem,

289 733 426 771 Saevus
446 730 668 770 inhumana
688 729 899 770 confestim
921 731 1134 770 excanduit
1155 731 1227 781 ira,
1486 736 1564 773 475

289 805 604 855 Longzevamque
626 814 768 842 senum
787 807 965 842 teneram
983 804 1261 855 Juvenumque
1285 808 1482 844 catervam

287 874 380 914 Tale
403 873 503 913 nihil
523 874 707 923 veritam,
733 874 882 913 nudam
912 873 1174 927 fragilemque
1200 879 1238 914 et
1257 875 1471 925 inermem,

285 948 378 994 Quae
402 946 573 998 pellente
596 958 719 986 manu
744 946 841 985 tutis
866 951 1109 986 successerat
1134 946 1213 986 aris

287 1017 506 1057 Olitruncat
524 1032 532 1067 ;
557 1017 682 1057 calido
703 1017 956 1070 complentur
977 1018 1170 1070 sanguine
1191 1019 1354 1071 templa,

287 1091 335 1128 Et
353 1088 515 1129 fremitu
535 1093 685 1128 tectum
705 1100 824 1129 omne
844 1094 973 1129 sonat.
997 1089 1061 1129 Sic
1079 1089 1144 1129 ille
1164 1089 1355 1142 profanus
1486 1093 1565 1131 480

287 1161 637 1212 Commaculatque
658 1172 788 1200 sacros
809 1166 941 1212 postes
956 1161 1210 1213 Quandoque
1231 1161 1362 1202 Poenis

286 1232 455 1272 Junonis
475 1232 685 1272 simulacra
707 1244 803 1282 suae,
827 1233 1041 1285 vultusque
1065 1235 1235 1273 Deorum

287 1303 495 1343 Terrificos
517 1318 525 1342 :
549 1304 699 1356 gemitu
720 1304 873 1356 ingenti
895 1305 1039 1345 domus
1060 1304 1191 1356 ampla
1211 1306 1396 1357 remugit.

289 1377 379 1415 Haec
400 1387 509 1415 sacra
528 1381 741 1416 contentus
760 1375 827 1415 Dis
847 1375 1088 1427 persolvisse
1107 1376 1288 1426 marinis,

287 1449 376 1486 Dux
393 1446 500 1486 ferus
520 1451 557 1487 et
578 1447 664 1487 coeli
683 1451 935 1499 contemptor
954 1448 1155 1487 maximus
1174 1448 1243 1488 alti
1488 1451 1565 1489 485

287 1519 528 1559 Conscendit
547 1519 714 1571 puppim
737 1519 863 1559 victor
880 1518 1099 1572 funemque
1117 1524 1329 1560 cruentum

287 1590 426 1641 Solvit,
448 1595 486 1630 et
505 1590 624 1630 Italire
643 1590 744 1630 flens
765 1591 895 1631 dulcia
916 1592 1062 1631 (leserit
1082 1603 1190 1631 arva.

287 1664 412 1711 Quam
433 1662 576 1702 tacitus
596 1662 901 1714 lacrymansque
920 1668 1025 1703 retro
1047 1663 1301 1716 multumque
1323 1663 1470 1716 diuque-

287 1733 536 1786 Prospiciens
559 1733 697 1785 pelago
723 1746 772 1774 ex
795 1733 889 1784 alto,
915 1735 1180 1787 quatiensque
1206 1735 1400 1774 minantis

287 1808 392 1846 More
412 1810 529 1858 capnt
549 1805 803 1858 frontemque
826 1806 937 1858 plicis
956 1806 1176 1858 maJoribus
1197 1806 1386 1859 implens⁷
1486 1809 1565 1846 490

287 1880 489 1918 Murmure
509 1877 675 1918 terribili
697 1877 754 1917 sic
774 1878 939 1918 tandem
959 1878 1144 1918 turbidus
1161 1878 1293 1930 inquit
1311 1892 1318 1917 :

295 1964 311 1985 «
332 1948 456 1998 Italia,
480 1949 605 1999 Italia,
630 1954 668 1989 et
687 1961 820 1989 rerum
841 1954 958 2001 caput
977 1961 1115 2002 aspera
1134 1952 1274 1998 Roma,

286 2022 476 2069 Quasnam
495 2032 566 2060 vos
584 2020 731 2060 nostris
750 2020 875 2061 facilis
894 2020 1055 2061 fortuna
1074 2026 1240 2073 repente

287 2093 481 2133 Faucibus
499 2092 676 2145 eripuit?
695 2095 755 2133 Tu
775 2093 958 2146 quisquis
978 2105 1019 2133 es
1038 2093 1103 2133 ille
1122 2096 1297 2134 Deorum

285 2164 471 2214 Maxime,
493 2170 531 2204 et
548 2164 590 2204 in
611 2169 768 2204 nostros
790 2164 911 2203 nimis
931 2164 1160 2217 importune
1178 2165 1348 2215 labores,
1487 2166 1564 2205 495

286 2236 388 2285 Quid
406 2235 507 2276 mihi
527 2240 640 2288 parta
660 2236 728 2276 diu
748 2240 953 2276 momento
974 2236 1167 2289 temporis
1190 2236 1321 2277 aufers

285 2308 468 2361 ,luppiter
485 2308 655 2350 Ausonii
675 2308 862 2350 defensor
881 2309 1031 2362 perfide
1052 2309 1230 2350 mundi?

330 2436 406 2467 474.
425 2434 467 2468 Et
487 2434 645 2467 omissum
666 2434 699 2466 iu
721 2444 784 2467 ms.
802 2436 841 2468 A.

332 2494 407 2525 491.
426 2490 477 2525 Sit
494 2491 526 2524 in
547 2492 598 2524 ed.
623 2492 713 2532 Bas„
734 2491 826 2525 sicin
846 2492 998 2525 omnibus
1018 2501 1080 2525 ms.
