1865 2959
903 204 1090 239 -42-

350 290 484 333 ctiam
521 289 745 333 orationes
784 287 1063 332 orationibus
1100 292 1358 341 mutantu1·;
1397 289 1480 333 lias
1519 290 1636 334 inter

352 367 608 426 paucissimi
657 364 929 409 clauduntur
969 380 1127 409 versus
1163 366 1238 424 qui
1278 366 1333 410 ad
1373 370 1635 412 contextum

352 444 595 490 rcddondzc
614 445 881 488 narrationis
896 445 1111 489 lectorem
1127 444 1367 489 adducant.
1387 445 1635 490 Verbosam

351 527 503 568 autom
538 528 582 568 ot
613 537 767 567 secum
803 523 990 567 taedium
1026 523 1290 567 afferentem
1324 527 1449 568 vates
1482 530 1636 569 noster

349 602 652 659 eloquentiam
681 600 915 653 diffundit;
942 614 1268 659 supervacuam
1296 602 1506 654 maxime,
1536 607 1632 647 tum

349 694 490 737 quum
506 681 552 724 P.
574 679 826 738 Scipionem
848 679 979 737 fingit
997 679 1204 723 hostibus
1224 682 1402 738 tergum
1425 681 1521 739 ejus
1539 695 1635 739 pre-

349 757 596 810 mentibuS,
621 757 666 801 in
696 762 900 801 extremo
924 756 1125 800 tumultu
1155 771 1318 816 puguae
1346 772 1453 802 suos
1479 759 1635 803 multis

348 837 498 882 verbis
521 836 858 881 adhortantem.

408 916 584 973 Longas
603 914 829 958 orationes
847 913 995 972 longae
1017 913 1344 972 descriptiones
1365 918 1632 972 sequuntur,

348 999 392 1039 et
419 993 533 1037 circa
561 1006 632 1036 ros
661 992 952 1036 tenuissimas
979 995 1182 1036 moratur
1213 991 1465 1035 Petrarcha.
1494 992 1635 1043 Quem

347 1073 594 1138 enimvero,
636 1070 792 1121 lector,
833 1069 990 1113 audias
1021 1069 1237 1128 Syphacis
1266 1070 1436 1128 regiam
1466 1069 1634 1113 descri-

345 1151 530 1194 bentem
547 1165 555 1192 :
572 1149 684 1192 nulli
703 1148 935 1192 communi
951 1148 1049 1192 loco
1067 1148 1142 1193 ille
1160 1147 1352 1200 desinet,
1374 1161 1431 1192 ne
1448 1148 1636 1191 minima

343 1227 528 1286 quidem
550 1226 811 1285 praeteribit.
843 1226 953 1270 Inde
975 1226 1025 1269 fit
1046 1230 1095 1270 ut
1114 1240 1233 1284 saepe
1257 1225 1493 1270 addubitet
1517 1242 1632 1285 quo-

346 1305 498 1358 modo,
523 1309 794 1364 consumpta
825 1304 1021 1363 quadam
1051 1305 1252 1357 materia,
1279 1304 1335 1348 all
1354 1305 1487 1348 aliam
1513 1309 1633 1348 tran-

345 1384 514 1428 siturus
536 1383 606 1427 sit.
639 1385 836 1441 Operose
871 1382 1096 1440 prioribus
1130 1396 1200 1427 res
1231 1383 1504 1441 posteriores
1530 1396 1633 1426 nar-

347 1467 464 1506 ratas
474 1462 625 1521 jungit
639 1473 914 1519 cursumque
929 1460 1199 1518 inaequalem
1218 1461 1401 1519 peragit,
1422 1461 1634 1506 torrentis

346 1541 501 1591 instar,
535 1540 612 1598 qui
640 1539 777 1583 modo
812 1538 1050 1583 ruentibus
1077 1542 1121 1583 et
1151 1539 1387 1583 lutulentis
1411 1539 1636 1584 redundat

347 1619 490 1677 aquis,
513 1618 649 1663 modo
671 1618 728 1663 ad
749 1618 992 1662 minimum
1013 1617 1237 1663 deductus
1255 1617 1507 1662 incredibili
1529 1617 1637 1662 leni-

347 1701 437 1741 tate
458 1697 573 1741 fluit.

406 1774 533 1825 Quod
571 1775 607 1819 si
644 1777 797 1819 autem
830 1774 886 1818 ad
924 1773 1033 1818 vitia
1072 1774 1295 1818 sermonis
1332 1774 1632 1832 spectaveris,

348 1853 622 1898 mendosum
652 1853 787 1897 etiam
815 1866 997 1897 carmen
1029 1853 1250 1905 invenies,
1288 1856 1332 1897 et
1353 1866 1444 1896 non
1474 1865 1637 1910 paucas

348 1932 546 1976 maculas
573 1931 809 1975 mirabere.
842 1931 891 1975 In
923 1945 1157 1975 summum
1180 1930 1365 1989 quidem
1393 1929 1635 1974 verborum

349 2009 592 2067 aliquando
617 2009 884 2068 gravitatem
905 2013 949 2054 et
970 2010 1166 2068 copiam,
1204 2009 1368 2067 saepius
1388 2007 1635 2052 obscurita-

350 2092 442 2132 tem
462 2087 821 2132 animadvertere
842 2088 959 2132 licet.
983 2088 1033 2130 In
1056 2086 1281 2145 quadrum
1302 2100 1637 2143 numerumque

350 2165 566 2217 reductae,
606 2165 731 2209 tarda
765 2169 808 2210 et
840 2166 973 2210 inerti
1010 2168 1255 2217 structura,
1294 2164 1463 2208 incerto
1499 2177 1636 2208 sensu

349 2243 662 2303 producuntur
677 2243 936 2296 sententiam
957 2243 1163 2287 similiter
1180 2243 1316 2287 etiam
1335 2242 1496 2287 eodem
1508 2245 1636 2301 pacto

348 2322 609 2365 continuata
637 2326 681 2365 ct
704 2322 916 2366 conclusa
948 2321 1175 2366 videntur.
1207 2320 1477 2378 Plerumque
1498 2319 1635 2364 obso-

348 2400 450 2444 letae
470 2399 526 2443 ad
555 2399 911 2458 comparandum
938 2399 1166 2458 eliguntur
1190 2398 1363 2458 figurae,
1395 2396 1635 2455 aliquando

352 2482 503 2524 tamen
532 2491 662 2522 novat
686 2494 693 2521 :
719 2477 912 2536 exempli
939 2478 1079 2536 gratia
1111 2476 1305 2522 Annibal
1334 2476 1512 2535 fugiens
1539 2488 1634 2519 ser—
