1865 2959
831 205 1039 240 -223—

296 290 480 339 Lumina,
503 300 587 329 non
610 288 776 340 gladios,
798 293 837 328 at
855 293 946 340 post
966 286 1156 327 scelerata
1174 297 1347 338 propago

295 363 410 401 Hunc
436 360 553 410 fudit,
577 372 681 400 saevo
705 359 867 400 inferias
892 360 1064 399 missura
1087 358 1256 410 parenti.
1495 360 1573 398 265

294 434 354 472 Tu
375 436 480 472 certe
498 432 583 483 J'am
601 431 720 483 digna
743 431 836 481 luis,
861 431 944 479 sed,
971 429 1159 482 pessime,
1180 441 1313 468 rerum

295 504 400 552 Quas
426 514 564 554 poenas
585 502 699 551 mihi,
730 507 837 551 nate,
861 501 991 551 dabis,
1014 500 1079 552 qui
1101 505 1239 551 stagna
1260 500 1463 551 lacusque,

295 574 370 622 Qui
390 572 503 623 freta,
526 573 593 626 qui
618 573 775 623 fluvios,
798 573 866 625 qui
883 578 1009 612 terras
1031 571 1224 623 sanguine
1244 575 1395 622 turpas.

294 647 410 685 Forte
428 657 497 697 ego
519 644 766 697 praemoriar,
788 649 857 684 tua
877 656 949 684 nec
976 643 1084 683 sinar
1103 642 1244 682 ultima
1263 654 1438 694 praesens

294 719 464 757 Cernere
482 717 688 769 supplicia,
706 722 746 756 at
775 718 910 756 Manes
929 720 1137 768 penetrare
1154 713 1296 753 videbo
1494 715 1573 753 ⁶270

294 788 463 840 Agmine
488 800 683 828 caesorum
704 793 741 828 et
761 788 973 828 Furiarum
998 786 1157 827 turbine
1184 790 1356 837 septum.

292 861 343 899 At
362 861 509 912 conjux
525 859 648 900 infida
666 860 799 900 virum
822 871 910 912 quae
937 859 1119 910 linquere
1137 856 1286 897 frustra

291 931 452 982 Niteris,
480 936 518 971 et
541 932 691 972 nostris
709 931 880 971 insultas
900 930 1094 980 cladibus,
1117 929 1222 969 imos

293 1003 355 1043 Ad
380 1005 516 1044 Manes
542 1003 669 1043 invita
693 1003 827 1056 praeis,
849 1002 1056 1054 solamque
1080 1001 1215 1041 videre

292 1076 347 1115 Te
366 1079 517 1127 potem,
542 1079 581 1116 et
597 1075 733 1116 vultus
752 1075 901 1115 iterum
925 1078 1103 1127 spectare
1130 1071 1366 1125 pudendos:
1495 1073 1573 1110 275

294 1146 441 1187 Littore
460 1159 556 1187 nam
577 1147 718 1199 patrio,
741 1147 821 1186 nisi
849 1159 913 1187 me
934 1158 1024 1186 mea
1043 1132 1198 1186 lumina
1220 1143 1380 1193 fallunt,

294 1220 511 1258 Immemor
536 1218 602 1258 ille
628 1218 685 1258 tui
706 1218 966 1270 turpissimus
985 1221 1090 1257 errat
1115 1215 1287 1256 adulter.
1309 1230 1326 1251 »

294 1290 415 1341 Dixit,
437 1295 475 1331 et
494 1291 536 1330 in
555 1291 756 1343 gremium
774 1289 1039 1342 lacrymantia
1058 1287 1237 1329 condidit
1258 1299 1339 1327 ora.

294 1362 411 1402 Illum
427 1374 512 1403 non
531 1363 697 1415 scopuli,
725 1374 807 1402 non
832 1360 1003 1402 horrifer
1028 1363 1157 1400 Eurus
1180 1360 1228 1399 ab
1247 1365 1360 1399 antro

293 1434 452 1475 Terruit
470 1435 615 1483 AEolio,
636 1447 720 1475 non
740 1439 921 1474 monstra
946 1433 1133 1485 vagantia
1153 1437 1276 1485 ponto
1496 1433 1574 1471 280

295 1509 507 1556 Devotum,
528 1507 750 1560 mortisque
770 1506 948 1555 avidum,
972 1505 1232 1558 gelidumque
1257 1504 1438 1552 cadaver,

294 1579 510 1620 Littoribus
534 1579 691 1632 Libycis
711 1584 939 1619 transverso
961 1577 1122 1618 turbine
1142 1577 1255 1617 reddi

294 1652 509 1703 Optantem
526 1651 643 1692 tacite
665 1655 1006 1703 tempestatesque
1026 1654 1253 1690 vocantem.

295 1722 459 1763 Invidus
481 1723 590 1763 haud
610 1723 724 1763 aliter
742 1722 877 1763 tenuis
901 1726 1087 1774 regnator
1114 1721 1230 1773 agelli

293 1796 439 1834 Annua
459 1795 523 1835 cui
548 1795 691 1835 messis
717 1794 833 1847 periit
853 1806 957 1846 spes,
982 1797 1093 1846 optat
1119 1792 1306 1845 iniquum
1497 1793 1575 1831 0285

296 1867 375 1907 Ver
401 1866 488 1907 aliis
512 1866 742 1919 imbresque
761 1865 866 1906 feros
888 1870 927 1906 et
951 1865 1145 1919 grandine
1170 1864 1318 1904 mixtos

297 1938 516 1979 Arboribus
532 1938 795 1991 frugibusque
815 1950 955 1991 graves
980 1937 1215 1978 incumbere
1235 1940 1392 1977 ventos.

297 2012 452 2051 Interea
474 2010 604 2063 Scipio
629 2021 815 2050 curarum
834 2013 945 2062 parte
967 2009 1123 2050 levatus

298 2081 431 2134 Carpit
449 2081 539 2133 iter,
558 2081 843 2135 tumulumque
861 2081 984 2122 habili
1003 2080 1232 2121 munimine
1251 2079 1387 2132 cingit,

298 2154 425 2202 Quem
442 2155 598 2195 Tuneta
617 2158 776 2203 vocant,
802 2158 1013 2206 turresque
1032 2153 1089 2192 ibi
1109 2151 1277 2204 subrigit
1298 2151 1414 2201 altas,
1497 2151 1576 2189 ⁹290

345 2257 420 2288 264.
442 2255 607 2289 Scelerata
625 2265 683 2298 pro
697 2257 852 2295 celerata,
870 2257 957 2297 quod
972 2256 1118 2297 undique
1136 2255 1268 2297 legitur.

345 2314 421 2345 269.
443 2312 537 2346 Sinat
556 2314 589 2345 in
611 2314 663 2345 ed.
685 2314 773 2350 Bas,
793 2314 884 2345 sinar
900 2313 933 2344 in
955 2312 1106 2345 omnibus
1126 2321 1188 2343 ms.

343 2372 419 2402 ί274.
441 2370 481 2402 At
501 2370 533 2402 in
555 2372 607 2402 ed.
633 2372 719 2408 Bas,
738 2371 780 2402 ad
798 2371 829 2402 in
854 2370 1004 2402 omnibus
1025 2379 1085 2401 ms.

343 2428 420 2458 290.
443 2425 585 2460 Funesta
610 2426 642 2458 in
674 2428 724 2459 ed.
745 2428 835 2465 Bas„
858 2426 974 2459 Finem
993 2427 1026 2458 in
1048 2436 1109 2457 ms.
1132 2426 1170 2462 Α,
1193 2423 1325 2457 Fineclu
1347 2424 1379 2455 in
1400 2425 1486 2463 aliis,
1510 2423 1575 2456 Fu-

299 2488 394 2517 necta
413 2484 445 2515 in
467 2485 520 2516 ed.
541 2485 670 2520 Venet„
691 2487 723 2515 at
736 2484 842 2523 potius
862 2484 986 2516 Tuneta
1005 2484 1088 2524 (Trr.
1111 2483 1195 2520 Liv.‚
1214 2489 1291 2519 xxx,
1309 2482 1376 2523 16).
