1865 2959
753 252 959 286 —113—

225 334 393 374 Audeat.
414 333 514 373 Hinc
534 345 666 374 rerum
687 345 843 374 summa
865 334 914 373 ad
931 332 1086 385 fastigia
1104 338 1271 374 ventum
1299 339 1372 383 est,

226 404 526 457 Caesareumque
548 417 672 457 genus
698 406 769 446 toti
786 405 1027 445 dominarier
1048 405 1134 444 orbi

227 476 439 516 Praevideo.
463 476 564 524 Quid
583 481 724 516 cuncta
744 477 918 529 sequar?
936 478 1022 516 Non
1047 475 1165 515 ditior
1184 488 1363 529 unquam

229 547 330 588 Urbs
349 548 494 587 animis
515 547 588 587 erit
606 548 773 600 egregiis
792 547 1039 600 ducibusque
1059 548 1271 599 supremis.
1418 550 1494 588 155

229 620 412 659 Crederet
430 619 506 659 hoo
520 620 676 672 aliquis,
701 622 902 672 Campano
920 625 1058 672 raptus
1085 624 1212 659 aratro

230 693 342 731 Unus
369 691 442 731 erit
460 691 562 731 bello
583 691 767 741 eximius,
791 692 857 744 qui
882 696 1017 732 nostra
1036 690 1108 731 sub
1130 693 1322 731 Austrum

231 762 349 813 Signa
370 762 484 811 ferat,
512 763 757 816 Libyamque
777 763 922 803 iterum
941 767 1109 816 premat,
1129 762 1276 815 inclyta
1297 775 1435 814 regum

230 833 337 874 Colla
361 834 593 887 triumphali
611 835 735 874 vietor
753 834 951 875 fracturus
972 834 1019 874 ab
1048 846 1162 883 arcu,

231 906 375 957 Bisque
400 906 471 945 sub
499 911 677 946 extrema
697 907 852 947 Latium
872 906 1087 946 formidine
1117 905 1243 946 solvat
1425 907 1497 945 160

231 976 446 1017 Obsidione
461 978 585 1029 gravi,
606 977 810 1030 calidaque
829 989 1010 1017 reversus
1032 976 1080 1016 ab
1099 988 1180 1026 ora,

231 1050 359 1100 Atque
378 1048 495 1100 Alpes
517 1048 646 1088 subito
661 1050 799 1101 jussus
818 1048 990 1088 transire
1014 1048 1191 1097 nivosas,

233 1121 377 1159 Praeter
389 1121 522 1172 Aquas
545 1122 682 1160 Sextas
700 1121 852 1170 (dieunt
874 1120 928 1160 sio
946 1120 1109 1160 nornine
1129 1119 1287 1168 vallem)

232 1191 494 1230 Teutonicum
520 1191 665 1243 insigni
690 1197 913 1244 compescat
936 1196 1063 1243 strage
1083 1190 1286 1240 furorem3

234 1264 326 1301 Post
343 1262 462 1301 simili
484 1263 669 1303 ardentes
688 1268 913 1315 prosternat
927 1263 1092 1303 vulnere
1113 1263 1307 1303 Cimbros.
1427 1264 1502 1302 165

235 1333 349 1372 Orbis
374 1333 415 1372 in
435 1334 601 1373 extremi
621 1334 806 1384 latebras,
835 1335 901 1374 ubi
927 1340 1055 1374 eastra
1075 1334 1211 1374 locasti

235 1407 362 1454 Nunc,
386 1405 548 1456 juvenis
573 1407 844 1456 memorande,
868 1406 982 1446 novis
1000 1418 1071 1457 per
1090 1405 1232 1446 szeoula
1250 1404 1361 1446 factis

235 1478 400 1527 Magnus
422 1476 518 1516 item
535 1477 696 1529 juvenis
720 1478 869 1527 veniet,
896 1489 968 1517 neo
993 1478 1149 1528 dignior
1168 1477 1279 1517 alter.

236 1549 389 1587 Nomen
413 1547 533 1587 habet
553 1548 695 1599 Magni.
720 1548 790 1587 Hie
812 1550 980 1600 Tagum,
1008 1548 1219 1600 Betimque
1245 1553 1283 1588 et
1308 1547 1466 1588 Iberum

237 1620 355 1670 Coget
381 1618 482 1658 ferre
492 1620 649 1671 jugum,
671 1619 961 1672 dominumque
984 1632 1195 1671 agnoscere
1221 1620 1388 1659 Tibrim.
1431 1623 1505 1659 170

238 1690 309 1729 Hic
325 1690 432 1730 idem
448 1690 572 1729 nimia
591 1690 718 1730 civem
732 1690 887 1731 feritate
911 1691 1102 1731 rebellem

239 1762 479 1802 contundet.
500 1762 588 1801 Tibi
609 1763 719 1803 nulla
735 1763 916 1803 animum
933 1764 1136 1815 contingat
1158 1763 1374 1804 honestum

240 1833 406 1883 Invidia⁷
430 1838 548 1886 atque
566 1833 662 1874 alios
679 1834 841 1886 patiaris
861 1835 910 1875 ad
933 1835 1011 1875 alta
1031 1834 1177 1875 volare.

239 1904 379 1945 Nullus
401 1905 488 1955 erit,
512 1905 726 1958 nullusque
745 1905 834 1956 fuit,
862 1906 923 1946 oui
946 1906 1069 1958 gloria
1085 1911 1196 1947 tanta

288 2120 361 2152 154.
385 2119 540 2154 Provide«)
558 2122 589 2152 in
608 2122 658 2152 ed.
680 2121 769 2159 Bas„
786 2121 947 2163 praevideo
967 2122 999 2153 in
1020 2131 1080 2154 ms.
1102 2124 1139 2160 A,
1162 2123 1197 2161 Β,
1218 2124 1255 2162 Ι),
1277 2123 1312 2161 Ε,
1330 2123 1362 2154 F.

289 2178 363 2208 163.
385 2177 515 2210 Seaetias
534 2179 566 2210 in
581 2179 632 2209 ed.
651 2178 739 2217 Bas„
757 2177 873 2211 Seoelas
894 2178 924 2209 in
947 2180 1097 2211 omnibus
1118 2189 1178 2211 ms.

292 2235 364 2265 165.
390 2234 526 2267 Vulnera
546 2235 576 2266 in
593 2236 645 2266 ed.
665 2235 753 2273 Bas.⁷
775 2235 904 2267 vulnere
924 2235 956 2267 in
976 2237 1128 2268 omnibus
1143 2246 1203 2268 ms.

290 2291 365 2321 167.
391 2290 464 2322 Tuis
481 2291 512 2322 in
530 2293 581 2323 ed.
599 2293 688 2331 Bas„
707 2293 797 2324 novis
817 2292 850 2323 in
872 2293 1023 2324 omnibus
1044 2303 1107 2325 ms.

291 2348 364 2377 168.
387 2347 521 2389 Βῖψιίηε
537 2348 598 2380 um
618 2358 674 2389 pro
695 2349 823 2390 diynior
843 2350 925 2382 aller
944 2360 1028 2382 corr.
1054 2351 1084 2381 in
1109 2360 1168 2382 ins.
1187 2352 1223 2389 A,
1245 2360 1281 2382 uc
1295 2351 1432 2383 subinde
1452 2352 1513 2383 erit

246 2412 301 2443 pro
322 2403 415 2434 habet
433 2404 464 2435 in
484 2415 578 2436 versu
600 2406 674 2437 169.

291 2461 366 2490 169.
388 2459 526 2492 Nomine
546 2471 682 2502 moynus
701 2464 774 2494 erit.
800 2462 922 2504 Tayum
941 2463 1006 2501 hic,
1027 2463 1058 2494 in
1077 2474 1139 2496 ms.
1161 2465 1196 2496 E.

292 2517 366 2547 174.
391 2516 469 2548 Tota
488 2518 519 2548 in
542 2519 593 2549 ed.
615 2518 703 2557 Bas„
725 2522 818 2551 tanta
839 2520 871 2550 in
893 2529 954 2551 ms.
976 2522 1014 2559 Α,
1036 2521 1071 2551 Β.
